%YAML 1.1
%TAG !u! tag:unity3d.com,2011:
--- !u!1001 &100100000
Prefab:
  m_ObjectHideFlags: 1
  serializedVersion: 2
  m_Modification:
    m_TransformParent: {fileID: 0}
    m_Modifications: []
    m_RemovedComponents: []
  m_SourcePrefab: {fileID: 0}
  m_RootGameObject: {fileID: 1656081660301902}
  m_IsPrefabAsset: 1
--- !u!1 &1021438711572186
GameObject:
  m_ObjectHideFlags: 1
  m_CorrespondingSourceObject: {fileID: 0}
  m_PrefabInternal: {fileID: 100100000}
  serializedVersion: 6
  m_Component:
  - component: {fileID: 4255083186931088}
  m_Layer: 15
  m_Name: hands:b_r_index2
  m_TagString: Untagged
  m_Icon: {fileID: 0}
  m_NavMeshLayer: 0
  m_StaticEditorFlags: 0
  m_IsActive: 1
--- !u!1 &1039988478005780
GameObject:
  m_ObjectHideFlags: 1
  m_CorrespondingSourceObject: {fileID: 0}
  m_PrefabInternal: {fileID: 100100000}
  serializedVersion: 6
  m_Component:
  - component: {fileID: 4796353111393404}
  - component: {fileID: 136485359684593440}
  m_Layer: 15
  m_Name: coll_hands:b_r_hand
  m_TagString: Untagged
  m_Icon: {fileID: 0}
  m_NavMeshLayer: 0
  m_StaticEditorFlags: 0
  m_IsActive: 1
--- !u!1 &1041414632403490
GameObject:
  m_ObjectHideFlags: 1
  m_CorrespondingSourceObject: {fileID: 0}
  m_PrefabInternal: {fileID: 100100000}
  serializedVersion: 6
  m_Component:
  - component: {fileID: 4267812115989688}
  - component: {fileID: 136464499800234526}
  m_Layer: 15
  m_Name: coll_hands:b_r_thumb1
  m_TagString: Untagged
  m_Icon: {fileID: 0}
  m_NavMeshLayer: 0
  m_StaticEditorFlags: 0
  m_IsActive: 1
--- !u!1 &1076191447493284
GameObject:
  m_ObjectHideFlags: 1
  m_CorrespondingSourceObject: {fileID: 0}
  m_PrefabInternal: {fileID: 100100000}
  serializedVersion: 6
  m_Component:
  - component: {fileID: 4744090760238296}
  m_Layer: 15
  m_Name: hands:b_r_ring3
  m_TagString: Untagged
  m_Icon: {fileID: 0}
  m_NavMeshLayer: 0
  m_StaticEditorFlags: 0
  m_IsActive: 1
--- !u!1 &1120655103621352
GameObject:
  m_ObjectHideFlags: 1
  m_CorrespondingSourceObject: {fileID: 0}
  m_PrefabInternal: {fileID: 100100000}
  serializedVersion: 6
  m_Component:
  - component: {fileID: 4487240516748230}
  - component: {fileID: 64060186975189780}
  m_Layer: 15
  m_Name: GrabVolumeCone
  m_TagString: Untagged
  m_Icon: {fileID: 0}
  m_NavMeshLayer: 0
  m_StaticEditorFlags: 0
  m_IsActive: 1
--- !u!1 &1121314488243260
GameObject:
  m_ObjectHideFlags: 1
  m_CorrespondingSourceObject: {fileID: 0}
  m_PrefabInternal: {fileID: 100100000}
  serializedVersion: 6
  m_Component:
  - component: {fileID: 4105842071874100}
  - component: {fileID: 136999460235220038}
  m_Layer: 15
  m_Name: hands_coll:b_r_ring3
  m_TagString: Untagged
  m_Icon: {fileID: 0}
  m_NavMeshLayer: 0
  m_StaticEditorFlags: 0
  m_IsActive: 1
--- !u!1 &1126196010213282
GameObject:
  m_ObjectHideFlags: 1
  m_CorrespondingSourceObject: {fileID: 0}
  m_PrefabInternal: {fileID: 100100000}
  serializedVersion: 6
  m_Component:
  - component: {fileID: 4571532679441082}
  m_Layer: 15
  m_Name: hands:b_r_pinky2
  m_TagString: Untagged
  m_Icon: {fileID: 0}
  m_NavMeshLayer: 0
  m_StaticEditorFlags: 0
  m_IsActive: 1
--- !u!1 &1132435892665694
GameObject:
  m_ObjectHideFlags: 1
  m_CorrespondingSourceObject: {fileID: 0}
  m_PrefabInternal: {fileID: 100100000}
  serializedVersion: 6
  m_Component:
  - component: {fileID: 4382121152742934}
  m_Layer: 15
  m_Name: hands:hands_geom
  m_TagString: Untagged
  m_Icon: {fileID: 0}
  m_NavMeshLayer: 0
  m_StaticEditorFlags: 0
  m_IsActive: 1
--- !u!1 &1133261084606236
GameObject:
  m_ObjectHideFlags: 1
  m_CorrespondingSourceObject: {fileID: 0}
  m_PrefabInternal: {fileID: 100100000}
  serializedVersion: 6
  m_Component:
  - component: {fileID: 4963877462915988}
  - component: {fileID: 136147304944625084}
  m_Layer: 15
  m_Name: hands_coll:b_r_index2
  m_TagString: Untagged
  m_Icon: {fileID: 0}
  m_NavMeshLayer: 0
  m_StaticEditorFlags: 0
  m_IsActive: 1
--- !u!1 &1141108820909958
GameObject:
  m_ObjectHideFlags: 1
  m_CorrespondingSourceObject: {fileID: 0}
  m_PrefabInternal: {fileID: 100100000}
  serializedVersion: 6
  m_Component:
  - component: {fileID: 4005707126732164}
  - component: {fileID: 136179277681585240}
  m_Layer: 15
  m_Name: coll_hands:b_r_hand
  m_TagString: Untagged
  m_Icon: {fileID: 0}
  m_NavMeshLayer: 0
  m_StaticEditorFlags: 0
  m_IsActive: 1
--- !u!1 &1141173854323650
GameObject:
  m_ObjectHideFlags: 1
  m_CorrespondingSourceObject: {fileID: 0}
  m_PrefabInternal: {fileID: 100100000}
  serializedVersion: 6
  m_Component:
  - component: {fileID: 4252336918581128}
  - component: {fileID: 136466550759210914}
  m_Layer: 15
  m_Name: hands_coll:b_r_pinky1
  m_TagString: Untagged
  m_Icon: {fileID: 0}
  m_NavMeshLayer: 0
  m_StaticEditorFlags: 0
  m_IsActive: 1
--- !u!1 &1145096503355390
GameObject:
  m_ObjectHideFlags: 1
  m_CorrespondingSourceObject: {fileID: 0}
  m_PrefabInternal: {fileID: 100100000}
  serializedVersion: 6
  m_Component:
  - component: {fileID: 4596376606616924}
  m_Layer: 15
  m_Name: hands:b_r_pinky0
  m_TagString: Untagged
  m_Icon: {fileID: 0}
  m_NavMeshLayer: 0
  m_StaticEditorFlags: 0
  m_IsActive: 1
--- !u!1 &1153905603040356
GameObject:
  m_ObjectHideFlags: 1
  m_CorrespondingSourceObject: {fileID: 0}
  m_PrefabInternal: {fileID: 100100000}
  serializedVersion: 6
  m_Component:
  - component: {fileID: 4925537697087614}
  m_Layer: 15
  m_Name: hands:b_r_pinky2
  m_TagString: Untagged
  m_Icon: {fileID: 0}
  m_NavMeshLayer: 0
  m_StaticEditorFlags: 0
  m_IsActive: 1
--- !u!1 &1155482621609540
GameObject:
  m_ObjectHideFlags: 1
  m_CorrespondingSourceObject: {fileID: 0}
  m_PrefabInternal: {fileID: 100100000}
  serializedVersion: 6
  m_Component:
  - component: {fileID: 4121266091732510}
  - component: {fileID: 136081300553937956}
  m_Layer: 15
  m_Name: hands_coll:b_r_index1
  m_TagString: Untagged
  m_Icon: {fileID: 0}
  m_NavMeshLayer: 0
  m_StaticEditorFlags: 0
  m_IsActive: 1
--- !u!1 &1160793703071136
GameObject:
  m_ObjectHideFlags: 1
  m_CorrespondingSourceObject: {fileID: 0}
  m_PrefabInternal: {fileID: 100100000}
  serializedVersion: 6
  m_Component:
  - component: {fileID: 4956716243956380}
  - component: {fileID: 136863018592517670}
  m_Layer: 15
  m_Name: coll_hands:b_r_thumb2
  m_TagString: Untagged
  m_Icon: {fileID: 0}
  m_NavMeshLayer: 0
  m_StaticEditorFlags: 0
  m_IsActive: 1
--- !u!1 &1173106575066686
GameObject:
  m_ObjectHideFlags: 1
  m_CorrespondingSourceObject: {fileID: 0}
  m_PrefabInternal: {fileID: 100100000}
  serializedVersion: 6
  m_Component:
  - component: {fileID: 4057374838056422}
  m_Layer: 15
  m_Name: hands:b_r_thumb3
  m_TagString: Untagged
  m_Icon: {fileID: 0}
  m_NavMeshLayer: 0
  m_StaticEditorFlags: 0
  m_IsActive: 1
--- !u!1 &1186282592981062
GameObject:
  m_ObjectHideFlags: 1
  m_CorrespondingSourceObject: {fileID: 0}
  m_PrefabInternal: {fileID: 100100000}
  serializedVersion: 6
  m_Component:
  - component: {fileID: 4239497824361772}
  m_Layer: 15
  m_Name: hands:b_r_pinky0
  m_TagString: Untagged
  m_Icon: {fileID: 0}
  m_NavMeshLayer: 0
  m_StaticEditorFlags: 0
  m_IsActive: 1
--- !u!1 &1192066635250790
GameObject:
  m_ObjectHideFlags: 1
  m_CorrespondingSourceObject: {fileID: 0}
  m_PrefabInternal: {fileID: 100100000}
  serializedVersion: 6
  m_Component:
  - component: {fileID: 4803745561400622}
  m_Layer: 15
  m_Name: hands:b_r_middle1
  m_TagString: Untagged
  m_Icon: {fileID: 0}
  m_NavMeshLayer: 0
  m_StaticEditorFlags: 0
  m_IsActive: 1
--- !u!1 &1194556364409636
GameObject:
  m_ObjectHideFlags: 1
  m_CorrespondingSourceObject: {fileID: 0}
  m_PrefabInternal: {fileID: 100100000}
  serializedVersion: 6
  m_Component:
  - component: {fileID: 4001227058246804}
  m_Layer: 15
  m_Name: hands:b_r_hand_ignore
  m_TagString: Untagged
  m_Icon: {fileID: 0}
  m_NavMeshLayer: 0
  m_StaticEditorFlags: 0
  m_IsActive: 1
--- !u!1 &1230468537466620
GameObject:
  m_ObjectHideFlags: 1
  m_CorrespondingSourceObject: {fileID: 0}
  m_PrefabInternal: {fileID: 100100000}
  serializedVersion: 6
  m_Component:
  - component: {fileID: 4857722448434338}
  - component: {fileID: 136480587527141390}
  m_Layer: 15
  m_Name: coll_hands:b_r_hand
  m_TagString: Untagged
  m_Icon: {fileID: 0}
  m_NavMeshLayer: 0
  m_StaticEditorFlags: 0
  m_IsActive: 1
--- !u!1 &1259717882486250
GameObject:
  m_ObjectHideFlags: 1
  m_CorrespondingSourceObject: {fileID: 0}
  m_PrefabInternal: {fileID: 100100000}
  serializedVersion: 6
  m_Component:
  - component: {fileID: 4863322861875438}
  m_Layer: 15
  m_Name: hands:b_r_thumb_ignore
  m_TagString: Untagged
  m_Icon: {fileID: 0}
  m_NavMeshLayer: 0
  m_StaticEditorFlags: 0
  m_IsActive: 1
--- !u!1 &1271918446857314
GameObject:
  m_ObjectHideFlags: 1
  m_CorrespondingSourceObject: {fileID: 0}
  m_PrefabInternal: {fileID: 100100000}
  serializedVersion: 6
  m_Component:
  - component: {fileID: 4311573324815968}
  m_Layer: 15
  m_Name: hands:b_r_pinky1
  m_TagString: Untagged
  m_Icon: {fileID: 0}
  m_NavMeshLayer: 0
  m_StaticEditorFlags: 0
  m_IsActive: 1
--- !u!1 &1313536738986766
GameObject:
  m_ObjectHideFlags: 0
  m_CorrespondingSourceObject: {fileID: 0}
  m_PrefabInternal: {fileID: 100100000}
  serializedVersion: 6
  m_Component:
  - component: {fileID: 4749854911856208}
  - component: {fileID: 95114791003792448}
  m_Layer: 15
  m_Name: r_hand_skeletal_lowres
  m_TagString: Untagged
  m_Icon: {fileID: 0}
  m_NavMeshLayer: 0
  m_StaticEditorFlags: 0
  m_IsActive: 1
--- !u!1 &1315048129585676
GameObject:
  m_ObjectHideFlags: 1
  m_CorrespondingSourceObject: {fileID: 0}
  m_PrefabInternal: {fileID: 100100000}
  serializedVersion: 6
  m_Component:
  - component: {fileID: 4334847787623764}
  m_Layer: 15
  m_Name: hands:b_r_ring2
  m_TagString: Untagged
  m_Icon: {fileID: 0}
  m_NavMeshLayer: 0
  m_StaticEditorFlags: 0
  m_IsActive: 1
--- !u!1 &1317217431858314
GameObject:
  m_ObjectHideFlags: 1
  m_CorrespondingSourceObject: {fileID: 0}
  m_PrefabInternal: {fileID: 100100000}
  serializedVersion: 6
  m_Component:
  - component: {fileID: 4735367228281004}
  m_Layer: 15
  m_Name: hands:b_r_index_ignore
  m_TagString: Untagged
  m_Icon: {fileID: 0}
  m_NavMeshLayer: 0
  m_StaticEditorFlags: 0
  m_IsActive: 1
--- !u!1 &1324078504749988
GameObject:
  m_ObjectHideFlags: 1
  m_CorrespondingSourceObject: {fileID: 0}
  m_PrefabInternal: {fileID: 100100000}
  serializedVersion: 6
  m_Component:
  - component: {fileID: 4236337794306162}
  - component: {fileID: 136589388905334970}
  m_Layer: 15
  m_Name: coll_hands:b_r_hand
  m_TagString: Untagged
  m_Icon: {fileID: 0}
  m_NavMeshLayer: 0
  m_StaticEditorFlags: 0
  m_IsActive: 1
--- !u!1 &1334267991684386
GameObject:
  m_ObjectHideFlags: 0
  m_CorrespondingSourceObject: {fileID: 0}
  m_PrefabInternal: {fileID: 100100000}
  serializedVersion: 6
  m_Component:
  - component: {fileID: 4787238857899380}
  - component: {fileID: 95425260905332188}
  m_Layer: 15
  m_Name: r_hand_skeletal_lowr_OLD
  m_TagString: Untagged
  m_Icon: {fileID: 0}
  m_NavMeshLayer: 0
  m_StaticEditorFlags: 0
  m_IsActive: 0
--- !u!1 &1340049010004368
GameObject:
  m_ObjectHideFlags: 1
  m_CorrespondingSourceObject: {fileID: 0}
  m_PrefabInternal: {fileID: 100100000}
  serializedVersion: 6
  m_Component:
  - component: {fileID: 4739874321737984}
  m_Layer: 15
  m_Name: hands:b_r_ring_ignore
  m_TagString: Untagged
  m_Icon: {fileID: 0}
  m_NavMeshLayer: 0
  m_StaticEditorFlags: 0
  m_IsActive: 1
--- !u!1 &1346994798714612
GameObject:
  m_ObjectHideFlags: 1
  m_CorrespondingSourceObject: {fileID: 0}
  m_PrefabInternal: {fileID: 100100000}
  serializedVersion: 6
  m_Component:
  - component: {fileID: 4032681945875572}
  m_Layer: 15
  m_Name: hands:b_r_index1
  m_TagString: Untagged
  m_Icon: {fileID: 0}
  m_NavMeshLayer: 0
  m_StaticEditorFlags: 0
  m_IsActive: 1
--- !u!1 &1364694266671818
GameObject:
  m_ObjectHideFlags: 1
  m_CorrespondingSourceObject: {fileID: 0}
  m_PrefabInternal: {fileID: 100100000}
  serializedVersion: 6
  m_Component:
  - component: {fileID: 4244331074889650}
  - component: {fileID: 136877959185587200}
  m_Layer: 15
  m_Name: coll_hands:b_r_hand
  m_TagString: Untagged
  m_Icon: {fileID: 0}
  m_NavMeshLayer: 0
  m_StaticEditorFlags: 0
  m_IsActive: 1
--- !u!1 &1365188180157146
GameObject:
  m_ObjectHideFlags: 1
  m_CorrespondingSourceObject: {fileID: 0}
  m_PrefabInternal: {fileID: 100100000}
  serializedVersion: 6
  m_Component:
  - component: {fileID: 4055457327714956}
  - component: {fileID: 136421257027449496}
  m_Layer: 15
  m_Name: hands_coll:b_r_ring1
  m_TagString: Untagged
  m_Icon: {fileID: 0}
  m_NavMeshLayer: 0
  m_StaticEditorFlags: 0
  m_IsActive: 1
--- !u!1 &1374007479738872
GameObject:
  m_ObjectHideFlags: 1
  m_CorrespondingSourceObject: {fileID: 0}
  m_PrefabInternal: {fileID: 100100000}
  serializedVersion: 6
  m_Component:
  - component: {fileID: 4845491236919988}
  m_Layer: 15
  m_Name: hands:r_hand_world
  m_TagString: Untagged
  m_Icon: {fileID: 0}
  m_NavMeshLayer: 0
  m_StaticEditorFlags: 0
  m_IsActive: 1
--- !u!1 &1374755405974864
GameObject:
  m_ObjectHideFlags: 1
  m_CorrespondingSourceObject: {fileID: 0}
  m_PrefabInternal: {fileID: 100100000}
  serializedVersion: 6
  m_Component:
  - component: {fileID: 4742627462424118}
  m_Layer: 15
  m_Name: hands:b_r_hand
  m_TagString: Untagged
  m_Icon: {fileID: 0}
  m_NavMeshLayer: 0
  m_StaticEditorFlags: 0
  m_IsActive: 1
--- !u!1 &1379161498776622
GameObject:
  m_ObjectHideFlags: 1
  m_CorrespondingSourceObject: {fileID: 0}
  m_PrefabInternal: {fileID: 100100000}
  serializedVersion: 6
  m_Component:
  - component: {fileID: 4231626026880486}
  m_Layer: 15
  m_Name: hands:b_r_index2
  m_TagString: Untagged
  m_Icon: {fileID: 0}
  m_NavMeshLayer: 0
  m_StaticEditorFlags: 0
  m_IsActive: 1
--- !u!1 &1392773494372450
GameObject:
  m_ObjectHideFlags: 1
  m_CorrespondingSourceObject: {fileID: 0}
  m_PrefabInternal: {fileID: 100100000}
  serializedVersion: 6
  m_Component:
  - component: {fileID: 4684184234258516}
  - component: {fileID: 136371078204184276}
  m_Layer: 15
  m_Name: GrabVolumeSmall
  m_TagString: Untagged
  m_Icon: {fileID: 0}
  m_NavMeshLayer: 0
  m_StaticEditorFlags: 0
  m_IsActive: 1
--- !u!1 &1395886970401178
GameObject:
  m_ObjectHideFlags: 0
  m_CorrespondingSourceObject: {fileID: 0}
  m_PrefabInternal: {fileID: 100100000}
  serializedVersion: 6
  m_Component:
  - component: {fileID: 4034433525567208}
  m_Layer: 15
  m_Name: gripTrans
  m_TagString: Untagged
  m_Icon: {fileID: 0}
  m_NavMeshLayer: 0
  m_StaticEditorFlags: 0
  m_IsActive: 1
--- !u!1 &1409568535300958
GameObject:
  m_ObjectHideFlags: 1
  m_CorrespondingSourceObject: {fileID: 0}
  m_PrefabInternal: {fileID: 100100000}
  serializedVersion: 6
  m_Component:
  - component: {fileID: 4506055079788904}
  m_Layer: 15
  m_Name: hands:b_r_hand_ignore
  m_TagString: Untagged
  m_Icon: {fileID: 0}
  m_NavMeshLayer: 0
  m_StaticEditorFlags: 0
  m_IsActive: 1
--- !u!1 &1429760929870208
GameObject:
  m_ObjectHideFlags: 1
  m_CorrespondingSourceObject: {fileID: 0}
  m_PrefabInternal: {fileID: 100100000}
  serializedVersion: 6
  m_Component:
  - component: {fileID: 4639356592353738}
  - component: {fileID: 137499419037131898}
  m_Layer: 15
  m_Name: hands:Rhand
  m_TagString: Untagged
  m_Icon: {fileID: 0}
  m_NavMeshLayer: 0
  m_StaticEditorFlags: 0
  m_IsActive: 1
--- !u!1 &1436787911891908
GameObject:
  m_ObjectHideFlags: 1
  m_CorrespondingSourceObject: {fileID: 0}
  m_PrefabInternal: {fileID: 100100000}
  serializedVersion: 6
  m_Component:
  - component: {fileID: 4296785725095048}
  m_Layer: 15
  m_Name: hands:b_r_grip
  m_TagString: Untagged
  m_Icon: {fileID: 0}
  m_NavMeshLayer: 0
  m_StaticEditorFlags: 0
  m_IsActive: 1
--- !u!1 &1454474804163918
GameObject:
  m_ObjectHideFlags: 1
  m_CorrespondingSourceObject: {fileID: 0}
  m_PrefabInternal: {fileID: 100100000}
  serializedVersion: 6
  m_Component:
  - component: {fileID: 4600059686994838}
  m_Layer: 15
  m_Name: hands:b_r_middle2
  m_TagString: Untagged
  m_Icon: {fileID: 0}
  m_NavMeshLayer: 0
  m_StaticEditorFlags: 0
  m_IsActive: 1
--- !u!1 &1461258644042382
GameObject:
  m_ObjectHideFlags: 1
  m_CorrespondingSourceObject: {fileID: 0}
  m_PrefabInternal: {fileID: 100100000}
  serializedVersion: 6
  m_Component:
  - component: {fileID: 4493360420784124}
  - component: {fileID: 136647933303623818}
  m_Layer: 15
  m_Name: coll_hands:b_r_hand
  m_TagString: Untagged
  m_Icon: {fileID: 0}
  m_NavMeshLayer: 0
  m_StaticEditorFlags: 0
  m_IsActive: 1
--- !u!1 &1475428903923736
GameObject:
  m_ObjectHideFlags: 1
  m_CorrespondingSourceObject: {fileID: 0}
  m_PrefabInternal: {fileID: 100100000}
  serializedVersion: 6
  m_Component:
  - component: {fileID: 4225980975711892}
  m_Layer: 15
  m_Name: hands:b_r_thumb_ignore
  m_TagString: Untagged
  m_Icon: {fileID: 0}
  m_NavMeshLayer: 0
  m_StaticEditorFlags: 0
  m_IsActive: 1
--- !u!1 &1511488582522494
GameObject:
  m_ObjectHideFlags: 1
  m_CorrespondingSourceObject: {fileID: 0}
  m_PrefabInternal: {fileID: 100100000}
  serializedVersion: 6
  m_Component:
  - component: {fileID: 4200458327582522}
  - component: {fileID: 54137920807703134}
  - component: {fileID: 136248543420154518}
  m_Layer: 15
  m_Name: hands_coll:b_r_pinky3
  m_TagString: Untagged
  m_Icon: {fileID: 0}
  m_NavMeshLayer: 0
  m_StaticEditorFlags: 0
  m_IsActive: 1
--- !u!1 &1520401608341794
GameObject:
  m_ObjectHideFlags: 0
  m_CorrespondingSourceObject: {fileID: 0}
  m_PrefabInternal: {fileID: 100100000}
  serializedVersion: 6
  m_Component:
  - component: {fileID: 4798351945732880}
  - component: {fileID: 135668335563905638}
  m_Layer: 15
  m_Name: Trigger
  m_TagString: Untagged
  m_Icon: {fileID: 0}
  m_NavMeshLayer: 0
  m_StaticEditorFlags: 0
  m_IsActive: 1
--- !u!1 &1540111996780598
GameObject:
  m_ObjectHideFlags: 1
  m_CorrespondingSourceObject: {fileID: 0}
  m_PrefabInternal: {fileID: 100100000}
  serializedVersion: 6
  m_Component:
  - component: {fileID: 4702769670050726}
  m_Layer: 15
  m_Name: hands:b_r_ring1
  m_TagString: Untagged
  m_Icon: {fileID: 0}
  m_NavMeshLayer: 0
  m_StaticEditorFlags: 0
  m_IsActive: 1
--- !u!1 &1572246221803586
GameObject:
  m_ObjectHideFlags: 1
  m_CorrespondingSourceObject: {fileID: 0}
  m_PrefabInternal: {fileID: 100100000}
  serializedVersion: 6
  m_Component:
  - component: {fileID: 4522623115720426}
  - component: {fileID: 136803985447531250}
  m_Layer: 15
  m_Name: coll_hands:b_r_hand
  m_TagString: Untagged
  m_Icon: {fileID: 0}
  m_NavMeshLayer: 0
  m_StaticEditorFlags: 0
  m_IsActive: 1
--- !u!1 &1582618261113106
GameObject:
  m_ObjectHideFlags: 1
  m_CorrespondingSourceObject: {fileID: 0}
  m_PrefabInternal: {fileID: 100100000}
  serializedVersion: 6
  m_Component:
  - component: {fileID: 4606346019658950}
  - component: {fileID: 136614653307807692}
  m_Layer: 15
  m_Name: coll_hands:b_r_hand
  m_TagString: Untagged
  m_Icon: {fileID: 0}
  m_NavMeshLayer: 0
  m_StaticEditorFlags: 0
  m_IsActive: 1
--- !u!1 &1587214689303662
GameObject:
  m_ObjectHideFlags: 1
  m_CorrespondingSourceObject: {fileID: 0}
  m_PrefabInternal: {fileID: 100100000}
  serializedVersion: 6
  m_Component:
  - component: {fileID: 4525864927661036}
  m_Layer: 15
  m_Name: hands:b_r_middle1
  m_TagString: Untagged
  m_Icon: {fileID: 0}
  m_NavMeshLayer: 0
  m_StaticEditorFlags: 0
  m_IsActive: 1
--- !u!1 &1587450056758176
GameObject:
  m_ObjectHideFlags: 1
  m_CorrespondingSourceObject: {fileID: 0}
  m_PrefabInternal: {fileID: 100100000}
  serializedVersion: 6
  m_Component:
  - component: {fileID: 4798766793946776}
  m_Layer: 15
  m_Name: hands:r_hand_world
  m_TagString: Untagged
  m_Icon: {fileID: 0}
  m_NavMeshLayer: 0
  m_StaticEditorFlags: 0
  m_IsActive: 1
--- !u!1 &1588107884346468
GameObject:
  m_ObjectHideFlags: 1
  m_CorrespondingSourceObject: {fileID: 0}
  m_PrefabInternal: {fileID: 100100000}
  serializedVersion: 6
  m_Component:
  - component: {fileID: 4803166186848488}
  - component: {fileID: 136320305152287432}
  m_Layer: 15
  m_Name: hands_coll:b_r_ring2
  m_TagString: Untagged
  m_Icon: {fileID: 0}
  m_NavMeshLayer: 0
  m_StaticEditorFlags: 0
  m_IsActive: 1
--- !u!1 &1594882449076844
GameObject:
  m_ObjectHideFlags: 1
  m_CorrespondingSourceObject: {fileID: 0}
  m_PrefabInternal: {fileID: 100100000}
  serializedVersion: 6
  m_Component:
  - component: {fileID: 4357691982559988}
  m_Layer: 15
  m_Name: hands:b_r_index3
  m_TagString: Untagged
  m_Icon: {fileID: 0}
  m_NavMeshLayer: 0
  m_StaticEditorFlags: 0
  m_IsActive: 1
--- !u!1 &1603205180346026
GameObject:
  m_ObjectHideFlags: 1
  m_CorrespondingSourceObject: {fileID: 0}
  m_PrefabInternal: {fileID: 100100000}
  serializedVersion: 6
  m_Component:
  - component: {fileID: 4179509071399186}
  m_Layer: 15
  m_Name: hands:b_r_middle_ignore
  m_TagString: Untagged
  m_Icon: {fileID: 0}
  m_NavMeshLayer: 0
  m_StaticEditorFlags: 0
  m_IsActive: 1
--- !u!1 &1621100881858256
GameObject:
  m_ObjectHideFlags: 1
  m_CorrespondingSourceObject: {fileID: 0}
  m_PrefabInternal: {fileID: 100100000}
  serializedVersion: 6
  m_Component:
  - component: {fileID: 4444915958216390}
  m_Layer: 15
  m_Name: hands:b_r_pinky_ignore
  m_TagString: Untagged
  m_Icon: {fileID: 0}
  m_NavMeshLayer: 0
  m_StaticEditorFlags: 0
  m_IsActive: 1
--- !u!1 &1621463417008502
GameObject:
  m_ObjectHideFlags: 1
  m_CorrespondingSourceObject: {fileID: 0}
  m_PrefabInternal: {fileID: 100100000}
  serializedVersion: 6
  m_Component:
  - component: {fileID: 4703918059046368}
  m_Layer: 15
  m_Name: hands:b_r_index1
  m_TagString: Untagged
  m_Icon: {fileID: 0}
  m_NavMeshLayer: 0
  m_StaticEditorFlags: 0
  m_IsActive: 1
--- !u!1 &1631304395111584
GameObject:
  m_ObjectHideFlags: 1
  m_CorrespondingSourceObject: {fileID: 0}
  m_PrefabInternal: {fileID: 100100000}
  serializedVersion: 6
  m_Component:
  - component: {fileID: 4340352645590476}
  m_Layer: 15
  m_Name: hands:b_r_pinky_ignore
  m_TagString: Untagged
  m_Icon: {fileID: 0}
  m_NavMeshLayer: 0
  m_StaticEditorFlags: 0
  m_IsActive: 1
--- !u!1 &1656081660301902
GameObject:
  m_ObjectHideFlags: 0
  m_CorrespondingSourceObject: {fileID: 0}
  m_PrefabInternal: {fileID: 100100000}
  serializedVersion: 6
  m_Component:
  - component: {fileID: 4583349288811688}
  - component: {fileID: 54071719949189974}
  - component: {fileID: 114795781848497236}
  - component: {fileID: 114349824017779502}
  - component: {fileID: 114768211516693020}
  - component: {fileID: 114339356239348024}
  - component: {fileID: 120311220185455192}
  m_Layer: 15
  m_Name: DistanceGrabHandRight
  m_TagString: Untagged
  m_Icon: {fileID: 0}
  m_NavMeshLayer: 0
  m_StaticEditorFlags: 0
  m_IsActive: 1
--- !u!1 &1656483593990836
GameObject:
  m_ObjectHideFlags: 1
  m_CorrespondingSourceObject: {fileID: 0}
  m_PrefabInternal: {fileID: 100100000}
  serializedVersion: 6
  m_Component:
  - component: {fileID: 4832359799655220}
  - component: {fileID: 136788476773738874}
  m_Layer: 15
  m_Name: hands:b_r_middle2
  m_TagString: Untagged
  m_Icon: {fileID: 0}
  m_NavMeshLayer: 0
  m_StaticEditorFlags: 0
  m_IsActive: 1
--- !u!1 &1658781746422540
GameObject:
  m_ObjectHideFlags: 1
  m_CorrespondingSourceObject: {fileID: 0}
  m_PrefabInternal: {fileID: 100100000}
  serializedVersion: 6
  m_Component:
  - component: {fileID: 4559862704986352}
  m_Layer: 15
  m_Name: hands:b_r_hand
  m_TagString: Untagged
  m_Icon: {fileID: 0}
  m_NavMeshLayer: 0
  m_StaticEditorFlags: 0
  m_IsActive: 1
--- !u!1 &1686013999258832
GameObject:
  m_ObjectHideFlags: 1
  m_CorrespondingSourceObject: {fileID: 0}
  m_PrefabInternal: {fileID: 100100000}
  serializedVersion: 6
  m_Component:
  - component: {fileID: 4567823390143472}
  m_Layer: 15
  m_Name: hands:b_r_thumb3
  m_TagString: Untagged
  m_Icon: {fileID: 0}
  m_NavMeshLayer: 0
  m_StaticEditorFlags: 0
  m_IsActive: 1
--- !u!1 &1697744841087088
GameObject:
  m_ObjectHideFlags: 1
  m_CorrespondingSourceObject: {fileID: 0}
  m_PrefabInternal: {fileID: 100100000}
  serializedVersion: 6
  m_Component:
  - component: {fileID: 4934128723957046}
  m_Layer: 15
  m_Name: hands:b_r_ring1
  m_TagString: Untagged
  m_Icon: {fileID: 0}
  m_NavMeshLayer: 0
  m_StaticEditorFlags: 0
  m_IsActive: 1
--- !u!1 &1702677769891876
GameObject:
  m_ObjectHideFlags: 1
  m_CorrespondingSourceObject: {fileID: 0}
  m_PrefabInternal: {fileID: 100100000}
  serializedVersion: 6
  m_Component:
  - component: {fileID: 4541081150626304}
  m_Layer: 15
  m_Name: hands:b_r_middle_ignore
  m_TagString: Untagged
  m_Icon: {fileID: 0}
  m_NavMeshLayer: 0
  m_StaticEditorFlags: 0
  m_IsActive: 1
--- !u!1 &1708972520663028
GameObject:
  m_ObjectHideFlags: 1
  m_CorrespondingSourceObject: {fileID: 0}
  m_PrefabInternal: {fileID: 100100000}
  serializedVersion: 6
  m_Component:
  - component: {fileID: 4467910581105512}
  m_Layer: 15
  m_Name: hands:b_r_pinky1
  m_TagString: Untagged
  m_Icon: {fileID: 0}
  m_NavMeshLayer: 0
  m_StaticEditorFlags: 0
  m_IsActive: 1
--- !u!1 &1724005489169998
GameObject:
  m_ObjectHideFlags: 1
  m_CorrespondingSourceObject: {fileID: 0}
  m_PrefabInternal: {fileID: 100100000}
  serializedVersion: 6
  m_Component:
  - component: {fileID: 4613596075222096}
  - component: {fileID: 137171441266323558}
  m_Layer: 15
  m_Name: hands:Rhand
  m_TagString: Untagged
  m_Icon: {fileID: 0}
  m_NavMeshLayer: 0
  m_StaticEditorFlags: 0
  m_IsActive: 1
--- !u!1 &1730640903995582
GameObject:
  m_ObjectHideFlags: 1
  m_CorrespondingSourceObject: {fileID: 0}
  m_PrefabInternal: {fileID: 100100000}
  serializedVersion: 6
  m_Component:
  - component: {fileID: 4684071716777262}
  m_Layer: 15
  m_Name: hands:b_r_index3
  m_TagString: Untagged
  m_Icon: {fileID: 0}
  m_NavMeshLayer: 0
  m_StaticEditorFlags: 0
  m_IsActive: 1
--- !u!1 &1734142753717558
GameObject:
  m_ObjectHideFlags: 1
  m_CorrespondingSourceObject: {fileID: 0}
  m_PrefabInternal: {fileID: 100100000}
  serializedVersion: 6
  m_Component:
  - component: {fileID: 4839994426161638}
  m_Layer: 15
  m_Name: hands:b_r_middle2
  m_TagString: Untagged
  m_Icon: {fileID: 0}
  m_NavMeshLayer: 0
  m_StaticEditorFlags: 0
  m_IsActive: 1
--- !u!1 &1736847782919820
GameObject:
  m_ObjectHideFlags: 1
  m_CorrespondingSourceObject: {fileID: 0}
  m_PrefabInternal: {fileID: 100100000}
  serializedVersion: 6
  m_Component:
  - component: {fileID: 4237169265796514}
  - component: {fileID: 136198980038700066}
  m_Layer: 15
  m_Name: hands:b_r_middle3
  m_TagString: Untagged
  m_Icon: {fileID: 0}
  m_NavMeshLayer: 0
  m_StaticEditorFlags: 0
  m_IsActive: 1
--- !u!1 &1743045805462572
GameObject:
  m_ObjectHideFlags: 1
  m_CorrespondingSourceObject: {fileID: 0}
  m_PrefabInternal: {fileID: 100100000}
  serializedVersion: 6
  m_Component:
  - component: {fileID: 4609525009657070}
  m_Layer: 15
  m_Name: hands:b_r_thumb1
  m_TagString: Untagged
  m_Icon: {fileID: 0}
  m_NavMeshLayer: 0
  m_StaticEditorFlags: 0
  m_IsActive: 1
--- !u!1 &1749735754766262
GameObject:
  m_ObjectHideFlags: 1
  m_CorrespondingSourceObject: {fileID: 0}
  m_PrefabInternal: {fileID: 100100000}
  serializedVersion: 6
  m_Component:
  - component: {fileID: 4764935399732858}
  m_Layer: 15
  m_Name: hands:b_r_thumb1
  m_TagString: Untagged
  m_Icon: {fileID: 0}
  m_NavMeshLayer: 0
  m_StaticEditorFlags: 0
  m_IsActive: 1
--- !u!1 &1754369797241394
GameObject:
  m_ObjectHideFlags: 1
  m_CorrespondingSourceObject: {fileID: 0}
  m_PrefabInternal: {fileID: 100100000}
  serializedVersion: 6
  m_Component:
  - component: {fileID: 4736199508043080}
  m_Layer: 15
  m_Name: hands:hands_geom
  m_TagString: Untagged
  m_Icon: {fileID: 0}
  m_NavMeshLayer: 0
  m_StaticEditorFlags: 0
  m_IsActive: 1
--- !u!1 &1757358544572266
GameObject:
  m_ObjectHideFlags: 1
  m_CorrespondingSourceObject: {fileID: 0}
  m_PrefabInternal: {fileID: 100100000}
  serializedVersion: 6
  m_Component:
  - component: {fileID: 4306890130469444}
  m_Layer: 15
  m_Name: hands:b_r_thumb2
  m_TagString: Untagged
  m_Icon: {fileID: 0}
  m_NavMeshLayer: 0
  m_StaticEditorFlags: 0
  m_IsActive: 1
--- !u!1 &1777971962397246
GameObject:
  m_ObjectHideFlags: 1
  m_CorrespondingSourceObject: {fileID: 0}
  m_PrefabInternal: {fileID: 100100000}
  serializedVersion: 6
  m_Component:
  - component: {fileID: 4416874282746046}
  m_Layer: 15
  m_Name: hands:b_r_grip
  m_TagString: Untagged
  m_Icon: {fileID: 0}
  m_NavMeshLayer: 0
  m_StaticEditorFlags: 0
  m_IsActive: 1
--- !u!1 &1781874835950538
GameObject:
  m_ObjectHideFlags: 1
  m_CorrespondingSourceObject: {fileID: 0}
  m_PrefabInternal: {fileID: 100100000}
  serializedVersion: 6
  m_Component:
  - component: {fileID: 4007261948013368}
  m_Layer: 15
  m_Name: hands:b_r_middle3
  m_TagString: Untagged
  m_Icon: {fileID: 0}
  m_NavMeshLayer: 0
  m_StaticEditorFlags: 0
  m_IsActive: 1
--- !u!1 &1823289720240560
GameObject:
  m_ObjectHideFlags: 1
  m_CorrespondingSourceObject: {fileID: 0}
  m_PrefabInternal: {fileID: 100100000}
  serializedVersion: 6
  m_Component:
  - component: {fileID: 4585874143124664}
  m_Layer: 15
  m_Name: hands:b_r_middle3
  m_TagString: Untagged
  m_Icon: {fileID: 0}
  m_NavMeshLayer: 0
  m_StaticEditorFlags: 0
  m_IsActive: 1
--- !u!1 &1849726988084656
GameObject:
  m_ObjectHideFlags: 0
  m_CorrespondingSourceObject: {fileID: 0}
  m_PrefabInternal: {fileID: 100100000}
  serializedVersion: 6
  m_Component:
  - component: {fileID: 4815988706058774}
  - component: {fileID: 136768437560221112}
  m_Layer: 15
  m_Name: GrabVolumeBig
  m_TagString: Untagged
  m_Icon: {fileID: 0}
  m_NavMeshLayer: 0
  m_StaticEditorFlags: 0
  m_IsActive: 1
--- !u!1 &1854289130032392
GameObject:
  m_ObjectHideFlags: 1
  m_CorrespondingSourceObject: {fileID: 0}
  m_PrefabInternal: {fileID: 100100000}
  serializedVersion: 6
  m_Component:
  - component: {fileID: 4331372539630644}
  - component: {fileID: 136621836457746218}
  m_Layer: 15
  m_Name: hands_coll:b_r_index3
  m_TagString: Untagged
  m_Icon: {fileID: 0}
  m_NavMeshLayer: 0
  m_StaticEditorFlags: 0
  m_IsActive: 1
--- !u!1 &1859082969763180
GameObject:
  m_ObjectHideFlags: 1
  m_CorrespondingSourceObject: {fileID: 0}
  m_PrefabInternal: {fileID: 100100000}
  serializedVersion: 6
  m_Component:
  - component: {fileID: 4101563695897042}
  - component: {fileID: 136051942992777526}
  m_Layer: 15
  m_Name: hands_coll:b_r_pinky2
  m_TagString: Untagged
  m_Icon: {fileID: 0}
  m_NavMeshLayer: 0
  m_StaticEditorFlags: 0
  m_IsActive: 1
--- !u!1 &1878006575734986
GameObject:
  m_ObjectHideFlags: 1
  m_CorrespondingSourceObject: {fileID: 0}
  m_PrefabInternal: {fileID: 100100000}
  serializedVersion: 6
  m_Component:
  - component: {fileID: 4436846502058048}
  - component: {fileID: 136273555092195264}
  m_Layer: 15
  m_Name: coll_hands:b_r_thumb3
  m_TagString: Untagged
  m_Icon: {fileID: 0}
  m_NavMeshLayer: 0
  m_StaticEditorFlags: 0
  m_IsActive: 1
--- !u!1 &1878834174192842
GameObject:
  m_ObjectHideFlags: 1
  m_CorrespondingSourceObject: {fileID: 0}
  m_PrefabInternal: {fileID: 100100000}
  serializedVersion: 6
  m_Component:
  - component: {fileID: 4674856736376676}
  - component: {fileID: 136114315383149448}
  m_Layer: 15
  m_Name: hands_coll:b_r_pinky0
  m_TagString: Untagged
  m_Icon: {fileID: 0}
  m_NavMeshLayer: 0
  m_StaticEditorFlags: 0
  m_IsActive: 1
--- !u!1 &1881001939958200
GameObject:
  m_ObjectHideFlags: 1
  m_CorrespondingSourceObject: {fileID: 0}
  m_PrefabInternal: {fileID: 100100000}
  serializedVersion: 6
  m_Component:
  - component: {fileID: 4143298620258620}
  m_Layer: 15
  m_Name: hands:b_r_pinky3
  m_TagString: Untagged
  m_Icon: {fileID: 0}
  m_NavMeshLayer: 0
  m_StaticEditorFlags: 0
  m_IsActive: 1
--- !u!1 &1910901220597024
GameObject:
  m_ObjectHideFlags: 1
  m_CorrespondingSourceObject: {fileID: 0}
  m_PrefabInternal: {fileID: 100100000}
  serializedVersion: 6
  m_Component:
  - component: {fileID: 4495606767488820}
  m_Layer: 15
  m_Name: hands:b_r_ring3
  m_TagString: Untagged
  m_Icon: {fileID: 0}
  m_NavMeshLayer: 0
  m_StaticEditorFlags: 0
  m_IsActive: 1
--- !u!1 &1933597148707090
GameObject:
  m_ObjectHideFlags: 1
  m_CorrespondingSourceObject: {fileID: 0}
  m_PrefabInternal: {fileID: 100100000}
  serializedVersion: 6
  m_Component:
  - component: {fileID: 4658886900929440}
  m_Layer: 15
  m_Name: hands:b_r_ring_ignore
  m_TagString: Untagged
  m_Icon: {fileID: 0}
  m_NavMeshLayer: 0
  m_StaticEditorFlags: 0
  m_IsActive: 1
--- !u!1 &1959100583060990
GameObject:
  m_ObjectHideFlags: 1
  m_CorrespondingSourceObject: {fileID: 0}
  m_PrefabInternal: {fileID: 100100000}
  serializedVersion: 6
  m_Component:
  - component: {fileID: 4022779748723262}
  m_Layer: 15
  m_Name: hands:b_r_pinky3
  m_TagString: Untagged
  m_Icon: {fileID: 0}
  m_NavMeshLayer: 0
  m_StaticEditorFlags: 0
  m_IsActive: 1
--- !u!1 &1960679398822148
GameObject:
  m_ObjectHideFlags: 1
  m_CorrespondingSourceObject: {fileID: 0}
  m_PrefabInternal: {fileID: 100100000}
  serializedVersion: 6
  m_Component:
  - component: {fileID: 4660877364694516}
  m_Layer: 15
  m_Name: hands:b_r_index_ignore
  m_TagString: Untagged
  m_Icon: {fileID: 0}
  m_NavMeshLayer: 0
  m_StaticEditorFlags: 0
  m_IsActive: 1
--- !u!1 &1978309165492976
GameObject:
  m_ObjectHideFlags: 1
  m_CorrespondingSourceObject: {fileID: 0}
  m_PrefabInternal: {fileID: 100100000}
  serializedVersion: 6
  m_Component:
  - component: {fileID: 4514825908682254}
  - component: {fileID: 136657468869478952}
  m_Layer: 15
  m_Name: hands:b_r_middle1
  m_TagString: Untagged
  m_Icon: {fileID: 0}
  m_NavMeshLayer: 0
  m_StaticEditorFlags: 0
  m_IsActive: 1
--- !u!1 &1987714962962328
GameObject:
  m_ObjectHideFlags: 1
  m_CorrespondingSourceObject: {fileID: 0}
  m_PrefabInternal: {fileID: 100100000}
  serializedVersion: 6
  m_Component:
  - component: {fileID: 4379262464881366}
  m_Layer: 15
  m_Name: hands:b_r_thumb2
  m_TagString: Untagged
  m_Icon: {fileID: 0}
  m_NavMeshLayer: 0
  m_StaticEditorFlags: 0
  m_IsActive: 1
--- !u!1 &1996316893739624
GameObject:
  m_ObjectHideFlags: 1
  m_CorrespondingSourceObject: {fileID: 0}
  m_PrefabInternal: {fileID: 100100000}
  serializedVersion: 6
  m_Component:
  - component: {fileID: 4953555915676526}
  m_Layer: 15
  m_Name: hands:b_r_ring2
  m_TagString: Untagged
  m_Icon: {fileID: 0}
  m_NavMeshLayer: 0
  m_StaticEditorFlags: 0
  m_IsActive: 1
--- !u!4 &4001227058246804
Transform:
  m_ObjectHideFlags: 1
  m_CorrespondingSourceObject: {fileID: 0}
  m_PrefabInternal: {fileID: 100100000}
  m_GameObject: {fileID: 1194556364409636}
  m_LocalRotation: {x: 0.22704248, y: -0, z: -0, w: 0.9738849}
  m_LocalPosition: {x: -0.13611329, y: 0.00000039665923, z: 0.0000006813971}
  m_LocalScale: {x: 1, y: 1, z: 1}
  m_Children: []
  m_Father: {fileID: 4559862704986352}
  m_RootOrder: 1
  m_LocalEulerAnglesHint: {x: 0, y: 0, z: 0}
--- !u!4 &4005707126732164
Transform:
  m_ObjectHideFlags: 1
  m_CorrespondingSourceObject: {fileID: 0}
  m_PrefabInternal: {fileID: 100100000}
  m_GameObject: {fileID: 1141108820909958}
  m_LocalRotation: {x: 0.284977, y: 0.6221583, z: 0.310207, w: 0.65990824}
  m_LocalPosition: {x: -0.06884274, y: 0.002470389, z: 0.003352262}
  m_LocalScale: {x: 1, y: 1, z: 1}
  m_Children: []
  m_Father: {fileID: 4742627462424118}
  m_RootOrder: 8
  m_LocalEulerAnglesHint: {x: -0.566, y: 86.364, z: 49.822998}
--- !u!4 &4007261948013368
Transform:
  m_ObjectHideFlags: 1
  m_CorrespondingSourceObject: {fileID: 0}
  m_PrefabInternal: {fileID: 100100000}
  m_GameObject: {fileID: 1781874835950538}
  m_LocalRotation: {x: 0, y: -0, z: -0.06577556, w: 0.99783444}
  m_LocalPosition: {x: 0.029590234, y: -0.00000017799226, z: -0.000000063619794}
  m_LocalScale: {x: 1, y: 1, z: 1}
  m_Children:
  - {fileID: 4541081150626304}
  m_Father: {fileID: 4839994426161638}
  m_RootOrder: 0
  m_LocalEulerAnglesHint: {x: 0, y: 0, z: 0}
--- !u!4 &4022779748723262
Transform:
  m_ObjectHideFlags: 1
  m_CorrespondingSourceObject: {fileID: 0}
  m_PrefabInternal: {fileID: 100100000}
  m_GameObject: {fileID: 1959100583060990}
  m_LocalRotation: {x: 3.5308314e-17, y: 1.2232024e-17, z: -0.04699399, w: 0.9988952}
  m_LocalPosition: {x: 0.017418418, y: -0.00000049037294, z: -0.00000080218643}
  m_LocalScale: {x: 1, y: 1, z: 1}
  m_Children:
  - {fileID: 4444915958216390}
  - {fileID: 4200458327582522}
  m_Father: {fileID: 4925537697087614}
  m_RootOrder: 0
  m_LocalEulerAnglesHint: {x: 0, y: 0, z: -5.3870997}
--- !u!4 &4032681945875572
Transform:
  m_ObjectHideFlags: 1
  m_CorrespondingSourceObject: {fileID: 0}
  m_PrefabInternal: {fileID: 100100000}
  m_GameObject: {fileID: 1346994798714612}
  m_LocalRotation: {x: 0.010945054, y: 0.7329414, z: 0.66095215, w: 0.16068448}
  m_LocalPosition: {x: -0.08707797, y: 0.035099972, z: 0.0068147103}
  m_LocalScale: {x: 1, y: 1, z: 1}
  m_Children:
  - {fileID: 4231626026880486}
  m_Father: {fileID: 4559862704986352}
  m_RootOrder: 2
  m_LocalEulerAnglesHint: {x: 0, y: 0, z: 0}
--- !u!4 &4034433525567208
Transform:
  m_ObjectHideFlags: 1
  m_CorrespondingSourceObject: {fileID: 0}
  m_PrefabInternal: {fileID: 100100000}
  m_GameObject: {fileID: 1395886970401178}
  m_LocalRotation: {x: 0, y: 0, z: 0, w: 1}
  m_LocalPosition: {x: 0.0363, y: 0.0237, z: 0.0254}
  m_LocalScale: {x: 1, y: 1, z: 1}
  m_Children:
  - {fileID: 4487240516748230}
  m_Father: {fileID: 4583349288811688}
  m_RootOrder: 0
  m_LocalEulerAnglesHint: {x: 0, y: 0, z: 0}
--- !u!4 &4055457327714956
Transform:
  m_ObjectHideFlags: 1
  m_CorrespondingSourceObject: {fileID: 0}
  m_PrefabInternal: {fileID: 100100000}
  m_GameObject: {fileID: 1365188180157146}
  m_LocalRotation: {x: 0.40012106, y: -0.5691602, z: -0.44511008, w: 0.5637702}
  m_LocalPosition: {x: 0.01940919, y: 0.000134191, z: 0.002269945}
  m_LocalScale: {x: 1, y: 1, z: 1}
  m_Children: []
  m_Father: {fileID: 4934128723957046}
  m_RootOrder: 1
  m_LocalEulerAnglesHint: {x: -3.1829998, y: -88.168, z: -73.501}
--- !u!4 &4057374838056422
Transform:
  m_ObjectHideFlags: 1
  m_CorrespondingSourceObject: {fileID: 0}
  m_PrefabInternal: {fileID: 100100000}
  m_GameObject: {fileID: 1173106575066686}
  m_LocalRotation: {x: -1.5489887e-16, y: 5.7631956e-17, z: 0.008720745, w: 0.999962}
  m_LocalPosition: {x: 0.026375083, y: -0.00000313834, z: 0.00000024626075}
  m_LocalScale: {x: 1, y: 1, z: 1}
  m_Children:
  - {fileID: 4225980975711892}
  - {fileID: 4436846502058048}
  m_Father: {fileID: 4306890130469444}
  m_RootOrder: 0
  m_LocalEulerAnglesHint: {x: 0, y: 0, z: 0.9993}
--- !u!4 &4101563695897042
Transform:
  m_ObjectHideFlags: 1
  m_CorrespondingSourceObject: {fileID: 0}
  m_PrefabInternal: {fileID: 100100000}
  m_GameObject: {fileID: 1859082969763180}
  m_LocalRotation: {x: 0.6535386, y: -0.22427416, z: -0.6937078, w: 0.20336665}
  m_LocalPosition: {x: 0.00767669, y: -0.001636754, z: 0.001191015}
  m_LocalScale: {x: 1, y: 1, z: 1}
  m_Children: []
  m_Father: {fileID: 4925537697087614}
  m_RootOrder: 1
  m_LocalEulerAnglesHint: {x: -2.599, y: -87.408, z: -144.838}
--- !u!4 &4105842071874100
Transform:
  m_ObjectHideFlags: 1
  m_CorrespondingSourceObject: {fileID: 0}
  m_PrefabInternal: {fileID: 100100000}
  m_GameObject: {fileID: 1121314488243260}
  m_LocalRotation: {x: 0.6559248, y: -0.2347913, z: -0.6878581, w: 0.20368348}
  m_LocalPosition: {x: 0.01285242, y: -0.002840105, z: 0.000497827}
  m_LocalScale: {x: 1, y: 1, z: 1}
  m_Children: []
  m_Father: {fileID: 4744090760238296}
  m_RootOrder: 1
  m_LocalEulerAnglesHint: {x: -3.199, y: -88.32, z: -143.90399}
--- !u!4 &4121266091732510
Transform:
  m_ObjectHideFlags: 1
  m_CorrespondingSourceObject: {fileID: 0}
  m_PrefabInternal: {fileID: 100100000}
  m_GameObject: {fileID: 1155482621609540}
  m_LocalRotation: {x: 0.35265294, y: -0.61217344, z: -0.39111412, w: 0.5898385}
  m_LocalPosition: {x: 0.02226933, y: 0.001228031, z: 0.001656316}
  m_LocalScale: {x: 1, y: 1, z: 1}
  m_Children: []
  m_Father: {fileID: 4703918059046368}
  m_RootOrder: 1
  m_LocalEulerAnglesHint: {x: -3.603, y: -89.898994, z: -63.498997}
--- !u!4 &4143298620258620
Transform:
  m_ObjectHideFlags: 1
  m_CorrespondingSourceObject: {fileID: 0}
  m_PrefabInternal: {fileID: 100100000}
  m_GameObject: {fileID: 1881001939958200}
  m_LocalRotation: {x: 3.5308314e-17, y: -8.5019946e-17, z: -0.04699399, w: 0.9988952}
  m_LocalPosition: {x: 0.017418418, y: -0.00000049037294, z: -0.00000080218643}
  m_LocalScale: {x: 1, y: 1, z: 1}
  m_Children:
  - {fileID: 4340352645590476}
  m_Father: {fileID: 4571532679441082}
  m_RootOrder: 0
  m_LocalEulerAnglesHint: {x: 0, y: 0, z: 0}
--- !u!4 &4179509071399186
Transform:
  m_ObjectHideFlags: 1
  m_CorrespondingSourceObject: {fileID: 0}
  m_PrefabInternal: {fileID: 100100000}
  m_GameObject: {fileID: 1603205180346026}
  m_LocalRotation: {x: 0, y: 0, z: 0, w: 1}
  m_LocalPosition: {x: 0.026469523, y: 0.0000004068423, z: 0.00000019527813}
  m_LocalScale: {x: 1, y: 1, z: 1}
  m_Children: []
  m_Father: {fileID: 4585874143124664}
  m_RootOrder: 0
  m_LocalEulerAnglesHint: {x: 0, y: 0, z: 0}
--- !u!4 &4200458327582522
Transform:
  m_ObjectHideFlags: 1
  m_CorrespondingSourceObject: {fileID: 0}
  m_PrefabInternal: {fileID: 100100000}
  m_GameObject: {fileID: 1511488582522494}
  m_LocalRotation: {x: 0.66403383, y: -0.19224575, z: -0.7024776, w: 0.16919227}
  m_LocalPosition: {x: 0.005861611, y: -0.002426491, z: 0.0005006368}
  m_LocalScale: {x: 1, y: 1, z: 1}
  m_Children: []
  m_Father: {fileID: 4022779748723262}
  m_RootOrder: 1
  m_LocalEulerAnglesHint: {x: -2.602, y: -87.464, z: -150.427}
--- !u!4 &4225980975711892
Transform:
  m_ObjectHideFlags: 1
  m_CorrespondingSourceObject: {fileID: 0}
  m_PrefabInternal: {fileID: 100100000}
  m_GameObject: {fileID: 1475428903923736}
  m_LocalRotation: {x: 0, y: 0, z: 0, w: 1}
  m_LocalPosition: {x: 0.034079235, y: 0.00000027444756, z: 0.00000012232366}
  m_LocalScale: {x: 1, y: 1, z: 1}
  m_Children: []
  m_Father: {fileID: 4057374838056422}
  m_RootOrder: 0
  m_LocalEulerAnglesHint: {x: 0, y: 0, z: 0}
--- !u!4 &4231626026880486
Transform:
  m_ObjectHideFlags: 1
  m_CorrespondingSourceObject: {fileID: 0}
  m_PrefabInternal: {fileID: 100100000}
  m_GameObject: {fileID: 1379161498776622}
  m_LocalRotation: {x: -5.1243677e-17, y: -4.6785792e-17, z: -0.18624677, w: 0.982503}
  m_LocalPosition: {x: 0.04157489, y: -0.0000002622628, z: -0.00000038978715}
  m_LocalScale: {x: 1, y: 1, z: 1}
  m_Children:
  - {fileID: 4357691982559988}
  m_Father: {fileID: 4032681945875572}
  m_RootOrder: 0
  m_LocalEulerAnglesHint: {x: 0, y: 0, z: 0}
--- !u!4 &4236337794306162
Transform:
  m_ObjectHideFlags: 1
  m_CorrespondingSourceObject: {fileID: 0}
  m_PrefabInternal: {fileID: 100100000}
  m_GameObject: {fileID: 1324078504749988}
  m_LocalRotation: {x: 0.48994738, y: 0.29235053, z: 0.8208519, w: -0.026170388}
  m_LocalPosition: {x: -0.01607429, y: -0.006564074, z: 0.000969056}
  m_LocalScale: {x: 1, y: 1, z: 1}
  m_Children: []
  m_Father: {fileID: 4742627462424118}
  m_RootOrder: 11
  m_LocalEulerAnglesHint: {x: -30.370998, y: 66.142, z: 163.606}
--- !u!4 &4237169265796514
Transform:
  m_ObjectHideFlags: 1
  m_CorrespondingSourceObject: {fileID: 0}
  m_PrefabInternal: {fileID: 100100000}
  m_GameObject: {fileID: 1736847782919820}
  m_LocalRotation: {x: 0.626171, y: -0.31787813, z: -0.6533821, w: 0.28276363}
  m_LocalPosition: {x: 0.01509716, y: -0.002804219, z: 0.0009176537}
  m_LocalScale: {x: 1, y: 1, z: 1}
  m_Children: []
  m_Father: {fileID: 4585874143124664}
  m_RootOrder: 1
  m_LocalEulerAnglesHint: {x: -3.513, y: -89.212, z: -129.732}
--- !u!4 &4239497824361772
Transform:
  m_ObjectHideFlags: 1
  m_CorrespondingSourceObject: {fileID: 0}
  m_PrefabInternal: {fileID: 100100000}
  m_GameObject: {fileID: 1186282592981062}
  m_LocalRotation: {x: -0.46932158, y: -0.083111495, z: 0.08672836, w: 0.8748188}
  m_LocalPosition: {x: -0.031274725, y: -0.019069267, z: -0.011509167}
  m_LocalScale: {x: 1, y: 1, z: 1}
  m_Children:
  - {fileID: 4311573324815968}
  - {fileID: 4674856736376676}
  m_Father: {fileID: 4742627462424118}
  m_RootOrder: 4
  m_LocalEulerAnglesHint: {x: -53.777298, y: -22.5719, z: 22.8802}
--- !u!4 &4244331074889650
Transform:
  m_ObjectHideFlags: 1
  m_CorrespondingSourceObject: {fileID: 0}
  m_PrefabInternal: {fileID: 100100000}
  m_GameObject: {fileID: 1364694266671818}
  m_LocalRotation: {x: 0.3180243, y: 0.61477935, z: 0.42425877, w: 0.58387625}
  m_LocalPosition: {x: -0.04559712, y: -0.003653556, z: 0.005777556}
  m_LocalScale: {x: 1, y: 1, z: 1}
  m_Children: []
  m_Father: {fileID: 4742627462424118}
  m_RootOrder: 12
  m_LocalEulerAnglesHint: {x: -8.643, y: 87.576, z: 63.719997}
--- !u!4 &4252336918581128
Transform:
  m_ObjectHideFlags: 1
  m_CorrespondingSourceObject: {fileID: 0}
  m_PrefabInternal: {fileID: 100100000}
  m_GameObject: {fileID: 1141173854323650}
  m_LocalRotation: {x: 0.49549747, y: -0.4815983, z: -0.5405262, w: 0.47997582}
  m_LocalPosition: {x: 0.01534891, y: -0.00009464007, z: 0.002336721}
  m_LocalScale: {x: 1, y: 1, z: 1}
  m_Children: []
  m_Father: {fileID: 4311573324815968}
  m_RootOrder: 1
  m_LocalEulerAnglesHint: {x: -2.5779998, y: -87.412994, z: -94.326996}
--- !u!4 &4255083186931088
Transform:
  m_ObjectHideFlags: 1
  m_CorrespondingSourceObject: {fileID: 0}
  m_PrefabInternal: {fileID: 100100000}
  m_GameObject: {fileID: 1021438711572186}
  m_LocalRotation: {x: -5.1243677e-17, y: -4.6785792e-17, z: -0.18624677, w: 0.982503}
  m_LocalPosition: {x: 0.04157489, y: -0.0000002622628, z: -0.00000038978715}
  m_LocalScale: {x: 1, y: 1, z: 1}
  m_Children:
  - {fileID: 4684071716777262}
  - {fileID: 4963877462915988}
  m_Father: {fileID: 4703918059046368}
  m_RootOrder: 0
  m_LocalEulerAnglesHint: {x: 0, y: 0, z: -21.4677}
--- !u!4 &4267812115989688
Transform:
  m_ObjectHideFlags: 1
  m_CorrespondingSourceObject: {fileID: 0}
  m_PrefabInternal: {fileID: 100100000}
  m_GameObject: {fileID: 1041414632403490}
  m_LocalRotation: {x: -0.041856438, y: -0.72571033, z: 0.04039315, w: 0.685537}
  m_LocalPosition: {x: 0.01502434, y: -0.003316927, z: -0.004186124}
  m_LocalScale: {x: 1, y: 1, z: 1}
  m_Children: []
  m_Father: {fileID: 4609525009657070}
  m_RootOrder: 1
  m_LocalEulerAnglesHint: {x: 0.070999995, y: -93.256996, z: 6.6689997}
--- !u!4 &4296785725095048
Transform:
  m_ObjectHideFlags: 1
  m_CorrespondingSourceObject: {fileID: 0}
  m_PrefabInternal: {fileID: 100100000}
  m_GameObject: {fileID: 1436787911891908}
  m_LocalRotation: {x: 0.5564005, y: -0.018750928, z: 0.76965183, w: -0.31257483}
  m_LocalPosition: {x: -0.07215819, y: 0.013962139, z: -0.018991696}
  m_LocalScale: {x: 1, y: 1, z: 1}
  m_Children: []
  m_Father: {fileID: 4742627462424118}
  m_RootOrder: 0
  m_LocalEulerAnglesHint: {x: -18.6007, y: 66.354, z: -148.01599}
--- !u!4 &4306890130469444
Transform:
  m_ObjectHideFlags: 1
  m_CorrespondingSourceObject: {fileID: 0}
  m_PrefabInternal: {fileID: 100100000}
  m_GameObject: {fileID: 1757358544572266}
  m_LocalRotation: {x: -2.086314e-17, y: -1.1020146e-17, z: -0.14235, w: 0.9898164}
  m_LocalPosition: {x: 0.03258561, y: 0.0000027154815, z: -0.00000027681938}
  m_LocalScale: {x: 1, y: 1, z: 1}
  m_Children:
  - {fileID: 4057374838056422}
  - {fileID: 4956716243956380}
  m_Father: {fileID: 4609525009657070}
  m_RootOrder: 0
  m_LocalEulerAnglesHint: {x: 0, y: 0, z: -16.367699}
--- !u!4 &4311573324815968
Transform:
  m_ObjectHideFlags: 1
  m_CorrespondingSourceObject: {fileID: 0}
  m_PrefabInternal: {fileID: 100100000}
  m_GameObject: {fileID: 1271918446857314}
  m_LocalRotation: {x: -0.018903391, y: 0.0067427186, z: 0.9928664, w: 0.117531024}
  m_LocalPosition: {x: -0.05356621, y: -0.0024395068, z: 0.0014644878}
  m_LocalScale: {x: 1, y: 1, z: 1}
  m_Children:
  - {fileID: 4925537697087614}
  - {fileID: 4252336918581128}
  m_Father: {fileID: 4239497824361772}
  m_RootOrder: 0
  m_LocalEulerAnglesHint: {x: -1.0218999, y: -2.0607, z: 166.5164}
--- !u!4 &4331372539630644
Transform:
  m_ObjectHideFlags: 1
  m_CorrespondingSourceObject: {fileID: 0}
  m_PrefabInternal: {fileID: 100100000}
  m_GameObject: {fileID: 1854289130032392}
  m_LocalRotation: {x: 0.5664047, y: -0.4261844, z: -0.58915675, w: 0.38787487}
  m_LocalPosition: {x: 0.01595956, y: -0.001686516, z: 0.001764894}
  m_LocalScale: {x: 1, y: 1, z: 1}
  m_Children: []
  m_Father: {fileID: 4684071716777262}
  m_RootOrder: 1
  m_LocalEulerAnglesHint: {x: -3.6, y: -90.281, z: -109.663994}
--- !u!4 &4334847787623764
Transform:
  m_ObjectHideFlags: 1
  m_CorrespondingSourceObject: {fileID: 0}
  m_PrefabInternal: {fileID: 100100000}
  m_GameObject: {fileID: 1315048129585676}
  m_LocalRotation: {x: 1.3919719e-16, y: 5.619185e-17, z: -0.20290461, w: 0.9791985}
  m_LocalPosition: {x: 0.03857198, y: 0.000000019344908, z: -0.00000011757956}
  m_LocalScale: {x: 1, y: 1, z: 1}
  m_Children:
  - {fileID: 4495606767488820}
  m_Father: {fileID: 4702769670050726}
  m_RootOrder: 0
  m_LocalEulerAnglesHint: {x: 0, y: 0, z: 0}
--- !u!4 &4340352645590476
Transform:
  m_ObjectHideFlags: 1
  m_CorrespondingSourceObject: {fileID: 0}
  m_PrefabInternal: {fileID: 100100000}
  m_GameObject: {fileID: 1631304395111584}
  m_LocalRotation: {x: 0, y: -0, z: -0, w: 1}
  m_LocalPosition: {x: 0.01944108, y: 0.00000018051705, z: 0.000000684117}
  m_LocalScale: {x: 1, y: 1, z: 1}
  m_Children: []
  m_Father: {fileID: 4143298620258620}
  m_RootOrder: 0
  m_LocalEulerAnglesHint: {x: 0, y: 0, z: 0}
--- !u!4 &4357691982559988
Transform:
  m_ObjectHideFlags: 1
  m_CorrespondingSourceObject: {fileID: 0}
  m_PrefabInternal: {fileID: 100100000}
  m_GameObject: {fileID: 1594882449076844}
  m_LocalRotation: {x: 0, y: -0, z: -0.05959589, w: 0.9982226}
  m_LocalPosition: {x: 0.022152938, y: -0.00000022278307, z: -0.000000035388048}
  m_LocalScale: {x: 1, y: 1, z: 1}
  m_Children:
  - {fileID: 4660877364694516}
  m_Father: {fileID: 4231626026880486}
  m_RootOrder: 0
  m_LocalEulerAnglesHint: {x: 0, y: 0, z: 0}
--- !u!4 &4379262464881366
Transform:
  m_ObjectHideFlags: 1
  m_CorrespondingSourceObject: {fileID: 0}
  m_PrefabInternal: {fileID: 100100000}
  m_GameObject: {fileID: 1987714962962328}
  m_LocalRotation: {x: -2.086314e-17, y: -1.4421555e-16, z: -0.14235, w: 0.9898164}
  m_LocalPosition: {x: 0.03258561, y: 0.0000027154815, z: -0.00000027681938}
  m_LocalScale: {x: 1, y: 1, z: 1}
  m_Children:
  - {fileID: 4567823390143472}
  m_Father: {fileID: 4764935399732858}
  m_RootOrder: 0
  m_LocalEulerAnglesHint: {x: 0, y: 0, z: 0}
--- !u!4 &4382121152742934
Transform:
  m_ObjectHideFlags: 1
  m_CorrespondingSourceObject: {fileID: 0}
  m_PrefabInternal: {fileID: 100100000}
  m_GameObject: {fileID: 1132435892665694}
  m_LocalRotation: {x: 0, y: 0, z: 0, w: 1}
  m_LocalPosition: {x: 0, y: 0, z: 0}
  m_LocalScale: {x: 1, y: 1, z: 1}
  m_Children:
  - {fileID: 4639356592353738}
  m_Father: {fileID: 4787238857899380}
  m_RootOrder: 0
  m_LocalEulerAnglesHint: {x: 0, y: 0, z: 0}
--- !u!4 &4416874282746046
Transform:
  m_ObjectHideFlags: 1
  m_CorrespondingSourceObject: {fileID: 0}
  m_PrefabInternal: {fileID: 100100000}
  m_GameObject: {fileID: 1777971962397246}
  m_LocalRotation: {x: 0.56189185, y: -0.03958033, z: 0.76829755, w: -0.30402282}
  m_LocalPosition: {x: -0.073359996, y: 0.01578, z: -0.01952}
  m_LocalScale: {x: 1, y: 1, z: 1}
  m_Children: []
  m_Father: {fileID: 4559862704986352}
  m_RootOrder: 0
  m_LocalEulerAnglesHint: {x: 0, y: 0, z: 0}
--- !u!4 &4436846502058048
Transform:
  m_ObjectHideFlags: 1
  m_CorrespondingSourceObject: {fileID: 0}
  m_PrefabInternal: {fileID: 100100000}
  m_GameObject: {fileID: 1878006575734986}
  m_LocalRotation: {x: -0.049374703, y: -0.72728264, z: 0.04688112, w: 0.6829526}
  m_LocalPosition: {x: 0.01499107, y: 0.002380698, z: -0.001212238}
  m_LocalScale: {x: 1, y: 1, z: 1}
  m_Children: []
  m_Father: {fileID: 4057374838056422}
  m_RootOrder: 1
  m_LocalEulerAnglesHint: {x: 0.042999998, y: -93.598, z: 7.8079996}
--- !u!4 &4444915958216390
Transform:
  m_ObjectHideFlags: 1
  m_CorrespondingSourceObject: {fileID: 0}
  m_PrefabInternal: {fileID: 100100000}
  m_GameObject: {fileID: 1621100881858256}
  m_LocalRotation: {x: 0, y: 0, z: 0, w: 1}
  m_LocalPosition: {x: 0.01944108, y: 0.00000018051705, z: 0.000000684117}
  m_LocalScale: {x: 1, y: 1, z: 1}
  m_Children: []
  m_Father: {fileID: 4022779748723262}
  m_RootOrder: 0
  m_LocalEulerAnglesHint: {x: 0, y: 0, z: 0}
--- !u!4 &4467910581105512
Transform:
  m_ObjectHideFlags: 1
  m_CorrespondingSourceObject: {fileID: 0}
  m_PrefabInternal: {fileID: 100100000}
  m_GameObject: {fileID: 1708972520663028}
  m_LocalRotation: {x: -0.018903391, y: 0.0067427186, z: 0.9928664, w: 0.117531024}
  m_LocalPosition: {x: -0.05356621, y: -0.0024395068, z: 0.0014644878}
  m_LocalScale: {x: 1, y: 1, z: 1}
  m_Children:
  - {fileID: 4571532679441082}
  m_Father: {fileID: 4596376606616924}
  m_RootOrder: 0
  m_LocalEulerAnglesHint: {x: 0, y: 0, z: 0}
--- !u!4 &4487240516748230
Transform:
  m_ObjectHideFlags: 1
  m_CorrespondingSourceObject: {fileID: 0}
  m_PrefabInternal: {fileID: 100100000}
  m_GameObject: {fileID: 1120655103621352}
  m_LocalRotation: {x: 0, y: 0, z: 0.7071068, w: 0.7071068}
  m_LocalPosition: {x: 0, y: 0, z: 0}
  m_LocalScale: {x: 1, y: 1, z: 1}
  m_Children: []
  m_Father: {fileID: 4034433525567208}
  m_RootOrder: 0
  m_LocalEulerAnglesHint: {x: 0, y: 0, z: 90}
--- !u!4 &4493360420784124
Transform:
  m_ObjectHideFlags: 1
  m_CorrespondingSourceObject: {fileID: 0}
  m_PrefabInternal: {fileID: 100100000}
  m_GameObject: {fileID: 1461258644042382}
  m_LocalRotation: {x: 0.1549581, y: 0.5662703, z: 0.067338146, w: 0.80671656}
  m_LocalPosition: {x: -0.03639596, y: 0.00973729, z: -0.004122499}
  m_LocalScale: {x: 1, y: 1, z: 1}
  m_Children: []
  m_Father: {fileID: 4742627462424118}
  m_RootOrder: 7
  m_LocalEulerAnglesHint: {x: 10.006, y: 71.612, z: 16.77}
--- !u!4 &4495606767488820
Transform:
  m_ObjectHideFlags: 1
  m_CorrespondingSourceObject: {fileID: 0}
  m_PrefabInternal: {fileID: 100100000}
  m_GameObject: {fileID: 1910901220597024}
  m_LocalRotation: {x: -2.9506475e-16, y: -2.9973535e-18, z: -0.08394361, w: 0.9964705}
  m_LocalPosition: {x: 0.025775367, y: 0.00000023005762, z: 0.00000026507695}
  m_LocalScale: {x: 1, y: 1, z: 1}
  m_Children:
  - {fileID: 4739874321737984}
  m_Father: {fileID: 4334847787623764}
  m_RootOrder: 0
  m_LocalEulerAnglesHint: {x: 0, y: 0, z: 0}
--- !u!4 &4506055079788904
Transform:
  m_ObjectHideFlags: 1
  m_CorrespondingSourceObject: {fileID: 0}
  m_PrefabInternal: {fileID: 100100000}
  m_GameObject: {fileID: 1409568535300958}
  m_LocalRotation: {x: 0.22704248, y: -1.4145536e-16, z: 4.477739e-18, w: 0.9738849}
  m_LocalPosition: {x: -0.13611329, y: 0.00000039665923, z: 0.0000006813971}
  m_LocalScale: {x: 1, y: 1, z: 1}
  m_Children: []
  m_Father: {fileID: 4742627462424118}
  m_RootOrder: 1
  m_LocalEulerAnglesHint: {x: 26.246, y: 0, z: 0}
--- !u!4 &4514825908682254
Transform:
  m_ObjectHideFlags: 1
  m_CorrespondingSourceObject: {fileID: 0}
  m_PrefabInternal: {fileID: 100100000}
  m_GameObject: {fileID: 1978309165492976}
  m_LocalRotation: {x: 0.36666662, y: -0.59656334, z: -0.41036806, w: 0.5841796}
  m_LocalPosition: {x: 0.02432735, y: 0.0002776948, z: 0.002001109}
  m_LocalScale: {x: 1, y: 1, z: 1}
  m_Children: []
  m_Father: {fileID: 4525864927661036}
  m_RootOrder: 1
  m_LocalEulerAnglesHint: {x: -3.51, y: -88.89, z: -66.730995}
--- !u!4 &4522623115720426
Transform:
  m_ObjectHideFlags: 1
  m_CorrespondingSourceObject: {fileID: 0}
  m_PrefabInternal: {fileID: 100100000}
  m_GameObject: {fileID: 1572246221803586}
  m_LocalRotation: {x: 0.34030187, y: 0.6247325, z: 0.08848578, w: 0.6971902}
  m_LocalPosition: {x: -0.04476146, y: 0.02027192, z: 0.008242248}
  m_LocalScale: {x: 1, y: 1, z: 1}
  m_Children: []
  m_Father: {fileID: 4742627462424118}
  m_RootOrder: 9
  m_LocalEulerAnglesHint: {x: 21.343, y: 90.75, z: 36.084}
--- !u!4 &4525864927661036
Transform:
  m_ObjectHideFlags: 1
  m_CorrespondingSourceObject: {fileID: 0}
  m_PrefabInternal: {fileID: 100100000}
  m_GameObject: {fileID: 1587214689303662}
  m_LocalRotation: {x: -0.03365181, y: 0.6480088, z: 0.75659454, w: 0.08072687}
  m_LocalPosition: {x: -0.09142202, y: 0.009532635, z: 0.010838787}
  m_LocalScale: {x: 1, y: 1, z: 1}
  m_Children:
  - {fileID: 4600059686994838}
  - {fileID: 4514825908682254}
  m_Father: {fileID: 4742627462424118}
  m_RootOrder: 3
  m_LocalEulerAnglesHint: {x: -80.398994, y: 18.7827, z: 151.9065}
--- !u!4 &4541081150626304
Transform:
  m_ObjectHideFlags: 1
  m_CorrespondingSourceObject: {fileID: 0}
  m_PrefabInternal: {fileID: 100100000}
  m_GameObject: {fileID: 1702677769891876}
  m_LocalRotation: {x: 0, y: -0, z: -0, w: 1}
  m_LocalPosition: {x: 0.026469523, y: 0.0000004068423, z: 0.00000019527813}
  m_LocalScale: {x: 1, y: 1, z: 1}
  m_Children: []
  m_Father: {fileID: 4007261948013368}
  m_RootOrder: 0
  m_LocalEulerAnglesHint: {x: 0, y: 0, z: 0}
--- !u!4 &4559862704986352
Transform:
  m_ObjectHideFlags: 1
  m_CorrespondingSourceObject: {fileID: 0}
  m_PrefabInternal: {fileID: 100100000}
  m_GameObject: {fileID: 1658781746422540}
  m_LocalRotation: {x: 0.5564005, y: -0.018750938, z: 0.76965183, w: 0.3125748}
  m_LocalPosition: {x: -0, y: 0, z: 0}
  m_LocalScale: {x: 1, y: 1, z: 1}
  m_Children:
  - {fileID: 4416874282746046}
  - {fileID: 4001227058246804}
  - {fileID: 4032681945875572}
  - {fileID: 4803745561400622}
  - {fileID: 4596376606616924}
  - {fileID: 4702769670050726}
  - {fileID: 4764935399732858}
  m_Father: {fileID: 4798766793946776}
  m_RootOrder: 0
  m_LocalEulerAnglesHint: {x: 0, y: 0, z: 0}
--- !u!4 &4567823390143472
Transform:
  m_ObjectHideFlags: 1
  m_CorrespondingSourceObject: {fileID: 0}
  m_PrefabInternal: {fileID: 100100000}
  m_GameObject: {fileID: 1686013999258832}
  m_LocalRotation: {x: -1.5489887e-16, y: -6.033373e-17, z: 0.008720745, w: 0.999962}
  m_LocalPosition: {x: 0.026375083, y: -0.00000313834, z: 0.00000024626075}
  m_LocalScale: {x: 1, y: 1, z: 1}
  m_Children:
  - {fileID: 4863322861875438}
  m_Father: {fileID: 4379262464881366}
  m_RootOrder: 0
  m_LocalEulerAnglesHint: {x: 0, y: 0, z: 0}
--- !u!4 &4571532679441082
Transform:
  m_ObjectHideFlags: 1
  m_CorrespondingSourceObject: {fileID: 0}
  m_PrefabInternal: {fileID: 100100000}
  m_GameObject: {fileID: 1126196010213282}
  m_LocalRotation: {x: -3.4229197e-17, y: -1.2091545e-16, z: -0.16458225, w: 0.98636335}
  m_LocalPosition: {x: 0.033355847, y: 0.0000004193135, z: 0.00000030447453}
  m_LocalScale: {x: 1, y: 1, z: 1}
  m_Children:
  - {fileID: 4143298620258620}
  m_Father: {fileID: 4467910581105512}
  m_RootOrder: 0
  m_LocalEulerAnglesHint: {x: 0, y: 0, z: 0}
--- !u!4 &4583349288811688
Transform:
  m_ObjectHideFlags: 1
  m_CorrespondingSourceObject: {fileID: 0}
  m_PrefabInternal: {fileID: 100100000}
  m_GameObject: {fileID: 1656081660301902}
  m_LocalRotation: {x: -0, y: -0, z: -0.7071068, w: 0.7071067}
  m_LocalPosition: {x: 0, y: 0, z: 0}
  m_LocalScale: {x: 1, y: 1, z: 1}
  m_Children:
  - {fileID: 4034433525567208}
  - {fileID: 4815988706058774}
  - {fileID: 4787238857899380}
  - {fileID: 4749854911856208}
  - {fileID: 4798351945732880}
  m_Father: {fileID: 0}
  m_RootOrder: 0
  m_LocalEulerAnglesHint: {x: 0, y: 0, z: -90}
--- !u!4 &4585874143124664
Transform:
  m_ObjectHideFlags: 1
  m_CorrespondingSourceObject: {fileID: 0}
  m_PrefabInternal: {fileID: 100100000}
  m_GameObject: {fileID: 1823289720240560}
  m_LocalRotation: {x: 0.000000007434446, y: -4.900662e-10, z: -0.06577556, w: 0.99783444}
  m_LocalPosition: {x: 0.029590234, y: -0.00000017799226, z: -0.000000063619794}
  m_LocalScale: {x: 1, y: 1, z: 1}
  m_Children:
  - {fileID: 4179509071399186}
  - {fileID: 4237169265796514}
  m_Father: {fileID: 4600059686994838}
  m_RootOrder: 0
  m_LocalEulerAnglesHint: {x: 0, y: 0, z: -7.5428}
--- !u!4 &4596376606616924
Transform:
  m_ObjectHideFlags: 1
  m_CorrespondingSourceObject: {fileID: 0}
  m_PrefabInternal: {fileID: 100100000}
  m_GameObject: {fileID: 1145096503355390}
  m_LocalRotation: {x: -0.46932158, y: -0.083111495, z: 0.08672836, w: 0.8748188}
  m_LocalPosition: {x: -0.031274725, y: -0.019069267, z: -0.011509167}
  m_LocalScale: {x: 1, y: 1, z: 1}
  m_Children:
  - {fileID: 4467910581105512}
  m_Father: {fileID: 4559862704986352}
  m_RootOrder: 4
  m_LocalEulerAnglesHint: {x: 0, y: 0, z: 0}
--- !u!4 &4600059686994838
Transform:
  m_ObjectHideFlags: 1
  m_CorrespondingSourceObject: {fileID: 0}
  m_PrefabInternal: {fileID: 100100000}
  m_GameObject: {fileID: 1454474804163918}
  m_LocalRotation: {x: -1.8923043e-16, y: 1.029891e-16, z: -0.23558192, w: 0.9718545}
  m_LocalPosition: {x: 0.04596702, y: -6.4383804e-10, z: -0.00000003982895}
  m_LocalScale: {x: 1, y: 1, z: 1}
  m_Children:
  - {fileID: 4585874143124664}
  - {fileID: 4832359799655220}
  m_Father: {fileID: 4525864927661036}
  m_RootOrder: 0
  m_LocalEulerAnglesHint: {x: 0, y: 0, z: -27.251799}
--- !u!4 &4606346019658950
Transform:
  m_ObjectHideFlags: 1
  m_CorrespondingSourceObject: {fileID: 0}
  m_PrefabInternal: {fileID: 100100000}
  m_GameObject: {fileID: 1582618261113106}
  m_LocalRotation: {x: -0.80495477, y: -0.015658341, z: 0.5493184, w: 0.22372293}
  m_LocalPosition: {x: -0.03487843, y: 0.02857639, z: -0.00288623}
  m_LocalScale: {x: 1, y: 1, z: 1}
  m_Children: []
  m_Father: {fileID: 4742627462424118}
  m_RootOrder: 14
  m_LocalEulerAnglesHint: {x: -159.942, y: 71.606995, z: -16.768}
--- !u!4 &4609525009657070
Transform:
  m_ObjectHideFlags: 1
  m_CorrespondingSourceObject: {fileID: 0}
  m_PrefabInternal: {fileID: 100100000}
  m_GameObject: {fileID: 1743045805462572}
  m_LocalRotation: {x: 0.2459623, y: 0.945037, z: -0.031994287, w: 0.21303521}
  m_LocalPosition: {x: -0.026297215, y: 0.041471086, z: -0.020563869}
  m_LocalScale: {x: 1, y: 1, z: 1}
  m_Children:
  - {fileID: 4306890130469444}
  - {fileID: 4267812115989688}
  m_Father: {fileID: 4742627462424118}
  m_RootOrder: 6
  m_LocalEulerAnglesHint: {x: 9.5128, y: 156.9018, z: 27.228899}
--- !u!4 &4613596075222096
Transform:
  m_ObjectHideFlags: 1
  m_CorrespondingSourceObject: {fileID: 0}
  m_PrefabInternal: {fileID: 100100000}
  m_GameObject: {fileID: 1724005489169998}
  m_LocalRotation: {x: 0, y: -0, z: -0, w: 1}
  m_LocalPosition: {x: -0, y: 0, z: 0}
  m_LocalScale: {x: 1, y: 1, z: 1}
  m_Children: []
  m_Father: {fileID: 4736199508043080}
  m_RootOrder: 0
  m_LocalEulerAnglesHint: {x: 0, y: 0, z: 0}
--- !u!4 &4639356592353738
Transform:
  m_ObjectHideFlags: 1
  m_CorrespondingSourceObject: {fileID: 0}
  m_PrefabInternal: {fileID: 100100000}
  m_GameObject: {fileID: 1429760929870208}
  m_LocalRotation: {x: 0, y: 0, z: 0, w: 1}
  m_LocalPosition: {x: 0, y: 0, z: 0}
  m_LocalScale: {x: 1, y: 1, z: 1}
  m_Children: []
  m_Father: {fileID: 4382121152742934}
  m_RootOrder: 0
  m_LocalEulerAnglesHint: {x: 0, y: 0, z: 0}
--- !u!4 &4658886900929440
Transform:
  m_ObjectHideFlags: 1
  m_CorrespondingSourceObject: {fileID: 0}
  m_PrefabInternal: {fileID: 100100000}
  m_GameObject: {fileID: 1933597148707090}
  m_LocalRotation: {x: 0, y: 0, z: 0, w: 1}
  m_LocalPosition: {x: 0.024214193, y: -0.00000003789957, z: 0.00000001870374}
  m_LocalScale: {x: 1, y: 1, z: 1}
  m_Children: []
  m_Father: {fileID: 4744090760238296}
  m_RootOrder: 0
  m_LocalEulerAnglesHint: {x: 0, y: 0, z: 0}
--- !u!4 &4660877364694516
Transform:
  m_ObjectHideFlags: 1
  m_CorrespondingSourceObject: {fileID: 0}
  m_PrefabInternal: {fileID: 100100000}
  m_GameObject: {fileID: 1960679398822148}
  m_LocalRotation: {x: 0, y: -0, z: -0, w: 1}
  m_LocalPosition: {x: 0.029121783, y: 0.0000002658625, z: 0.0000010456445}
  m_LocalScale: {x: 1, y: 1, z: 1}
  m_Children: []
  m_Father: {fileID: 4357691982559988}
  m_RootOrder: 0
  m_LocalEulerAnglesHint: {x: 0, y: 0, z: 0}
--- !u!4 &4674856736376676
Transform:
  m_ObjectHideFlags: 1
  m_CorrespondingSourceObject: {fileID: 0}
  m_PrefabInternal: {fileID: 100100000}
  m_GameObject: {fileID: 1878834174192842}
  m_LocalRotation: {x: 0.6347127, y: 0.29959533, z: 0.64423925, w: 0.30387202}
  m_LocalPosition: {x: -0.02575397, y: -0.00331615, z: 0.005003227}
  m_LocalScale: {x: 1, y: 1, z: 1}
  m_Children: []
  m_Father: {fileID: 4239497824361772}
  m_RootOrder: 1
  m_LocalEulerAnglesHint: {x: -0.015999999, y: 89.154, z: 129.48}
--- !u!4 &4684071716777262
Transform:
  m_ObjectHideFlags: 1
  m_CorrespondingSourceObject: {fileID: 0}
  m_PrefabInternal: {fileID: 100100000}
  m_GameObject: {fileID: 1730640903995582}
  m_LocalRotation: {x: 0.000000007437338, y: -4.4402393e-10, z: -0.05959589, w: 0.9982226}
  m_LocalPosition: {x: 0.022152938, y: -0.00000022278307, z: -0.000000035388048}
  m_LocalScale: {x: 1, y: 1, z: 1}
  m_Children:
  - {fileID: 4735367228281004}
  - {fileID: 4331372539630644}
  m_Father: {fileID: 4255083186931088}
  m_RootOrder: 0
  m_LocalEulerAnglesHint: {x: 0, y: 0, z: -6.8332996}
--- !u!4 &4684184234258516
Transform:
  m_ObjectHideFlags: 1
  m_CorrespondingSourceObject: {fileID: 0}
  m_PrefabInternal: {fileID: 100100000}
  m_GameObject: {fileID: 1392773494372450}
  m_LocalRotation: {x: 0, y: 0, z: 0, w: 1}
  m_LocalPosition: {x: 0.0047, y: -0.01449906, z: 0.03064309}
  m_LocalScale: {x: 1, y: 1, z: 1}
  m_Children: []
  m_Father: {fileID: 4815988706058774}
  m_RootOrder: 0
  m_LocalEulerAnglesHint: {x: 0, y: 0, z: 0}
--- !u!4 &4702769670050726
Transform:
  m_ObjectHideFlags: 1
  m_CorrespondingSourceObject: {fileID: 0}
  m_PrefabInternal: {fileID: 100100000}
  m_GameObject: {fileID: 1540111996780598}
  m_LocalRotation: {x: -0.10180098, y: 0.5692992, z: 0.8152097, w: 0.031114789}
  m_LocalPosition: {x: -0.089531094, y: -0.012713966, z: 0.0018533061}
  m_LocalScale: {x: 1, y: 1, z: 1}
  m_Children:
  - {fileID: 4334847787623764}
  m_Father: {fileID: 4559862704986352}
  m_RootOrder: 5
  m_LocalEulerAnglesHint: {x: 0, y: 0, z: 0}
--- !u!4 &4703918059046368
Transform:
  m_ObjectHideFlags: 1
  m_CorrespondingSourceObject: {fileID: 0}
  m_PrefabInternal: {fileID: 100100000}
  m_GameObject: {fileID: 1621463417008502}
  m_LocalRotation: {x: 0.010945054, y: 0.7329414, z: 0.66095215, w: 0.16068448}
  m_LocalPosition: {x: -0.08707797, y: 0.035099972, z: 0.0068147103}
  m_LocalScale: {x: 1, y: 1, z: 1}
  m_Children:
  - {fileID: 4255083186931088}
  - {fileID: 4121266091732510}
  m_Father: {fileID: 4742627462424118}
  m_RootOrder: 2
  m_LocalEulerAnglesHint: {x: -74.875496, y: 106.62389, z: 61.1131}
--- !u!4 &4735367228281004
Transform:
  m_ObjectHideFlags: 1
  m_CorrespondingSourceObject: {fileID: 0}
  m_PrefabInternal: {fileID: 100100000}
  m_GameObject: {fileID: 1317217431858314}
  m_LocalRotation: {x: 0, y: 0, z: 0, w: 1}
  m_LocalPosition: {x: 0.029121783, y: 0.0000002658625, z: 0.0000010456445}
  m_LocalScale: {x: 1, y: 1, z: 1}
  m_Children: []
  m_Father: {fileID: 4684071716777262}
  m_RootOrder: 0
  m_LocalEulerAnglesHint: {x: 0, y: 0, z: 0}
--- !u!4 &4736199508043080
Transform:
  m_ObjectHideFlags: 1
  m_CorrespondingSourceObject: {fileID: 0}
  m_PrefabInternal: {fileID: 100100000}
  m_GameObject: {fileID: 1754369797241394}
  m_LocalRotation: {x: 0, y: -0, z: -0, w: 1}
  m_LocalPosition: {x: -0, y: 0, z: 0}
  m_LocalScale: {x: 1, y: 1, z: 1}
  m_Children:
  - {fileID: 4613596075222096}
  m_Father: {fileID: 4749854911856208}
  m_RootOrder: 0
  m_LocalEulerAnglesHint: {x: 0, y: 0, z: 0}
--- !u!4 &4739874321737984
Transform:
  m_ObjectHideFlags: 1
  m_CorrespondingSourceObject: {fileID: 0}
  m_PrefabInternal: {fileID: 100100000}
  m_GameObject: {fileID: 1340049010004368}
  m_LocalRotation: {x: 0, y: -0, z: -0, w: 1}
  m_LocalPosition: {x: 0.024214193, y: -0.00000003789957, z: 0.00000001870374}
  m_LocalScale: {x: 1, y: 1, z: 1}
  m_Children: []
  m_Father: {fileID: 4495606767488820}
  m_RootOrder: 0
  m_LocalEulerAnglesHint: {x: 0, y: 0, z: 0}
--- !u!4 &4742627462424118
Transform:
  m_ObjectHideFlags: 1
  m_CorrespondingSourceObject: {fileID: 0}
  m_PrefabInternal: {fileID: 100100000}
  m_GameObject: {fileID: 1374755405974864}
  m_LocalRotation: {x: 0.5564005, y: -0.018750938, z: 0.76965183, w: 0.3125748}
  m_LocalPosition: {x: 0, y: 0, z: 0}
  m_LocalScale: {x: 1, y: 1, z: 1}
  m_Children:
  - {fileID: 4296785725095048}
  - {fileID: 4506055079788904}
  - {fileID: 4703918059046368}
  - {fileID: 4525864927661036}
  - {fileID: 4239497824361772}
  - {fileID: 4934128723957046}
  - {fileID: 4609525009657070}
  - {fileID: 4493360420784124}
  - {fileID: 4005707126732164}
  - {fileID: 4522623115720426}
  - {fileID: 4857722448434338}
  - {fileID: 4236337794306162}
  - {fileID: 4244331074889650}
  - {fileID: 4796353111393404}
  - {fileID: 4606346019658950}
  m_Father: {fileID: 4845491236919988}
  m_RootOrder: 0
  m_LocalEulerAnglesHint: {x: 22.1292, y: 65.7724, z: 150.206}
--- !u!4 &4744090760238296
Transform:
  m_ObjectHideFlags: 1
  m_CorrespondingSourceObject: {fileID: 0}
  m_PrefabInternal: {fileID: 100100000}
  m_GameObject: {fileID: 1076191447493284}
  m_LocalRotation: {x: -2.9506475e-16, y: -3.085124e-17, z: -0.08394361, w: 0.9964705}
  m_LocalPosition: {x: 0.025775367, y: 0.00000023005762, z: 0.00000026507695}
  m_LocalScale: {x: 1, y: 1, z: 1}
  m_Children:
  - {fileID: 4658886900929440}
  - {fileID: 4105842071874100}
  m_Father: {fileID: 4953555915676526}
  m_RootOrder: 0
  m_LocalEulerAnglesHint: {x: 0, y: 0, z: -9.6306}
--- !u!4 &4749854911856208
Transform:
  m_ObjectHideFlags: 1
  m_CorrespondingSourceObject: {fileID: 0}
  m_PrefabInternal: {fileID: 100100000}
  m_GameObject: {fileID: 1313536738986766}
  m_LocalRotation: {x: 0, y: 0, z: 0, w: 1}
  m_LocalPosition: {x: 0, y: 0, z: 0}
  m_LocalScale: {x: 1, y: 1, z: 1}
  m_Children:
  - {fileID: 4736199508043080}
  - {fileID: 4798766793946776}
  m_Father: {fileID: 4583349288811688}
  m_RootOrder: 3
  m_LocalEulerAnglesHint: {x: 0, y: 0, z: 0}
--- !u!4 &4764935399732858
Transform:
  m_ObjectHideFlags: 1
  m_CorrespondingSourceObject: {fileID: 0}
  m_PrefabInternal: {fileID: 100100000}
  m_GameObject: {fileID: 1749735754766262}
  m_LocalRotation: {x: 0.2459623, y: 0.945037, z: -0.031994287, w: 0.21303521}
  m_LocalPosition: {x: -0.026297215, y: 0.041471086, z: -0.020563869}
  m_LocalScale: {x: 1, y: 1, z: 1}
  m_Children:
  - {fileID: 4379262464881366}
  m_Father: {fileID: 4559862704986352}
  m_RootOrder: 6
  m_LocalEulerAnglesHint: {x: 0, y: 0, z: 0}
--- !u!4 &4787238857899380
Transform:
  m_ObjectHideFlags: 1
  m_CorrespondingSourceObject: {fileID: 0}
  m_PrefabInternal: {fileID: 100100000}
  m_GameObject: {fileID: 1334267991684386}
  m_LocalRotation: {x: 0, y: 0, z: 0, w: 1}
  m_LocalPosition: {x: 0, y: 0, z: 0}
  m_LocalScale: {x: 1, y: 1, z: 1}
  m_Children:
  - {fileID: 4382121152742934}
  - {fileID: 4845491236919988}
  m_Father: {fileID: 4583349288811688}
  m_RootOrder: 2
  m_LocalEulerAnglesHint: {x: 0, y: 0, z: 0}
--- !u!4 &4796353111393404
Transform:
  m_ObjectHideFlags: 1
  m_CorrespondingSourceObject: {fileID: 0}
  m_PrefabInternal: {fileID: 100100000}
  m_GameObject: {fileID: 1039988478005780}
  m_LocalRotation: {x: 0.34101796, y: 0.41695786, z: -0.27563053, w: 0.7961663}
  m_LocalPosition: {x: -0.01359575, y: 0.02371506, z: -0.003503716}
  m_LocalScale: {x: 1, y: 1, z: 1}
  m_Children: []
  m_Father: {fileID: 4742627462424118}
  m_RootOrder: 13
  m_LocalEulerAnglesHint: {x: 50.612, y: 48.593, z: -14.092999}
--- !u!4 &4798351945732880
Transform:
  m_ObjectHideFlags: 1
  m_CorrespondingSourceObject: {fileID: 0}
  m_PrefabInternal: {fileID: 100100000}
  m_GameObject: {fileID: 1520401608341794}
  m_LocalRotation: {x: -0, y: -0, z: 1, w: -0.00000014901163}
  m_LocalPosition: {x: 0, y: 0, z: 0}
  m_LocalScale: {x: 0.99999976, y: 0.99999976, z: 1}
  m_Children: []
  m_Father: {fileID: 4583349288811688}
  m_RootOrder: 4
  m_LocalEulerAnglesHint: {x: 0, y: 0, z: 0}
--- !u!4 &4798766793946776
Transform:
  m_ObjectHideFlags: 1
  m_CorrespondingSourceObject: {fileID: 0}
  m_PrefabInternal: {fileID: 100100000}
  m_GameObject: {fileID: 1587450056758176}
  m_LocalRotation: {x: 0.7599481, y: 0.54151404, z: -0.17099279, w: -0.31623265}
  m_LocalPosition: {x: 0.017749999, y: 0.049009997, z: -0.0717}
  m_LocalScale: {x: 1, y: 1, z: 1}
  m_Children:
  - {fileID: 4559862704986352}
  m_Father: {fileID: 4749854911856208}
  m_RootOrder: 1
  m_LocalEulerAnglesHint: {x: 0, y: 0, z: 0}
--- !u!4 &4803166186848488
Transform:
  m_ObjectHideFlags: 1
  m_CorrespondingSourceObject: {fileID: 0}
  m_PrefabInternal: {fileID: 100100000}
  m_GameObject: {fileID: 1588107884346468}
  m_LocalRotation: {x: 0.6289977, y: -0.29799825, z: -0.66501296, w: 0.27077085}
  m_LocalPosition: {x: 0.01331032, y: -0.001544411, z: 0.001253395}
  m_LocalScale: {x: 1, y: 1, z: 1}
  m_Children: []
  m_Father: {fileID: 4953555915676526}
  m_RootOrder: 1
  m_LocalEulerAnglesHint: {x: -3.194, y: -88.214, z: -132.595}
--- !u!4 &4803745561400622
Transform:
  m_ObjectHideFlags: 1
  m_CorrespondingSourceObject: {fileID: 0}
  m_PrefabInternal: {fileID: 100100000}
  m_GameObject: {fileID: 1192066635250790}
  m_LocalRotation: {x: -0.03365181, y: 0.6480088, z: 0.75659454, w: 0.08072687}
  m_LocalPosition: {x: -0.09142202, y: 0.009532635, z: 0.010838787}
  m_LocalScale: {x: 1, y: 1, z: 1}
  m_Children:
  - {fileID: 4839994426161638}
  m_Father: {fileID: 4559862704986352}
  m_RootOrder: 3
  m_LocalEulerAnglesHint: {x: 0, y: 0, z: 0}
--- !u!4 &4815988706058774
Transform:
  m_ObjectHideFlags: 1
  m_CorrespondingSourceObject: {fileID: 0}
  m_PrefabInternal: {fileID: 100100000}
  m_GameObject: {fileID: 1849726988084656}
  m_LocalRotation: {x: 0, y: 0, z: 0, w: 1}
  m_LocalPosition: {x: 0.0301, y: 0.0215, z: 0.0303}
  m_LocalScale: {x: 1, y: 1, z: 1}
  m_Children:
  - {fileID: 4684184234258516}
  m_Father: {fileID: 4583349288811688}
  m_RootOrder: 1
  m_LocalEulerAnglesHint: {x: 0, y: 0, z: 0}
--- !u!4 &4832359799655220
Transform:
  m_ObjectHideFlags: 1
  m_CorrespondingSourceObject: {fileID: 0}
  m_PrefabInternal: {fileID: 100100000}
  m_GameObject: {fileID: 1656483593990836}
  m_LocalRotation: {x: 0.59565306, y: -0.37076023, z: -0.6268835, w: 0.33874965}
  m_LocalPosition: {x: 0.01643515, y: 0.87931275, z: 0.001328123}
  m_LocalScale: {x: 1, y: 1, z: 1}
  m_Children: []
  m_Father: {fileID: 4600059686994838}
  m_RootOrder: 1
  m_LocalEulerAnglesHint: {x: -3.514, y: -89.112, z: -119.769}
--- !u!4 &4839994426161638
Transform:
  m_ObjectHideFlags: 1
  m_CorrespondingSourceObject: {fileID: 0}
  m_PrefabInternal: {fileID: 100100000}
  m_GameObject: {fileID: 1734142753717558}
  m_LocalRotation: {x: -1.8923043e-16, y: 3.0290486e-16, z: -0.23558192, w: 0.9718545}
  m_LocalPosition: {x: 0.04596702, y: -6.4383804e-10, z: -0.00000003982895}
  m_LocalScale: {x: 1, y: 1, z: 1}
  m_Children:
  - {fileID: 4007261948013368}
  m_Father: {fileID: 4803745561400622}
  m_RootOrder: 0
  m_LocalEulerAnglesHint: {x: 0, y: 0, z: 0}
--- !u!4 &4845491236919988
Transform:
  m_ObjectHideFlags: 1
  m_CorrespondingSourceObject: {fileID: 0}
  m_PrefabInternal: {fileID: 100100000}
  m_GameObject: {fileID: 1374007479738872}
  m_LocalRotation: {x: 0.7599481, y: 0.54151404, z: -0.17099279, w: -0.31623265}
  m_LocalPosition: {x: 0.017749999, y: 0.049009997, z: -0.0717}
  m_LocalScale: {x: 1, y: 1, z: 1}
  m_Children:
  - {fileID: 4742627462424118}
  m_Father: {fileID: 4787238857899380}
  m_RootOrder: 1
  m_LocalEulerAnglesHint: {x: -17.184599, y: -140.9109, z: 102.9145}
--- !u!4 &4857722448434338
Transform:
  m_ObjectHideFlags: 1
  m_CorrespondingSourceObject: {fileID: 0}
  m_PrefabInternal: {fileID: 100100000}
  m_GameObject: {fileID: 1230468537466620}
  m_LocalRotation: {x: 0.33472705, y: 0.6441107, z: 0.25855705, w: 0.63735986}
  m_LocalPosition: {x: -0.04693318, y: 0.007473696, z: 0.01015994}
  m_LocalScale: {x: 1, y: 1, z: 1}
  m_Children: []
  m_Father: {fileID: 4742627462424118}
  m_RootOrder: 10
  m_LocalEulerAnglesHint: {x: 5.371, y: 93.1, z: 49.830997}
--- !u!4 &4863322861875438
Transform:
  m_ObjectHideFlags: 1
  m_CorrespondingSourceObject: {fileID: 0}
  m_PrefabInternal: {fileID: 100100000}
  m_GameObject: {fileID: 1259717882486250}
  m_LocalRotation: {x: 0, y: -0, z: -0, w: 1}
  m_LocalPosition: {x: 0.034079235, y: 0.00000027444756, z: 0.00000012232366}
  m_LocalScale: {x: 1, y: 1, z: 1}
  m_Children: []
  m_Father: {fileID: 4567823390143472}
  m_RootOrder: 0
  m_LocalEulerAnglesHint: {x: 0, y: 0, z: 0}
--- !u!4 &4925537697087614
Transform:
  m_ObjectHideFlags: 1
  m_CorrespondingSourceObject: {fileID: 0}
  m_PrefabInternal: {fileID: 100100000}
  m_GameObject: {fileID: 1153905603040356}
  m_LocalRotation: {x: -3.4229197e-17, y: -3.6497548e-17, z: -0.16458225, w: 0.98636335}
  m_LocalPosition: {x: 0.033355847, y: 0.0000004193135, z: 0.00000030447453}
  m_LocalScale: {x: 1, y: 1, z: 1}
  m_Children:
  - {fileID: 4022779748723262}
  - {fileID: 4101563695897042}
  m_Father: {fileID: 4311573324815968}
  m_RootOrder: 0
  m_LocalEulerAnglesHint: {x: 0, y: 0, z: -18.9459}
--- !u!4 &4934128723957046
Transform:
  m_ObjectHideFlags: 1
  m_CorrespondingSourceObject: {fileID: 0}
  m_PrefabInternal: {fileID: 100100000}
  m_GameObject: {fileID: 1697744841087088}
  m_LocalRotation: {x: -0.10180098, y: 0.5692992, z: 0.8152097, w: 0.031114789}
  m_LocalPosition: {x: -0.089531094, y: -0.012713966, z: 0.0018533061}
  m_LocalScale: {x: 1, y: 1, z: 1}
  m_Children:
  - {fileID: 4953555915676526}
  - {fileID: 4055457327714956}
  m_Father: {fileID: 4742627462424118}
  m_RootOrder: 5
  m_LocalEulerAnglesHint: {x: -69.152596, y: -21.520899, z: -169.4466}
--- !u!4 &4953555915676526
Transform:
  m_ObjectHideFlags: 1
  m_CorrespondingSourceObject: {fileID: 0}
  m_PrefabInternal: {fileID: 100100000}
  m_GameObject: {fileID: 1996316893739624}
  m_LocalRotation: {x: 1.3919719e-16, y: 5.619185e-17, z: -0.20290461, w: 0.9791985}
  m_LocalPosition: {x: 0.03857198, y: 0.000000019344908, z: -0.00000011757956}
  m_LocalScale: {x: 1, y: 1, z: 1}
  m_Children:
  - {fileID: 4744090760238296}
  - {fileID: 4803166186848488}
  m_Father: {fileID: 4934128723957046}
  m_RootOrder: 0
  m_LocalEulerAnglesHint: {x: 0, y: 0, z: -23.4137}
--- !u!4 &4956716243956380
Transform:
  m_ObjectHideFlags: 1
  m_CorrespondingSourceObject: {fileID: 0}
  m_PrefabInternal: {fileID: 100100000}
  m_GameObject: {fileID: 1160793703071136}
  m_LocalRotation: {x: -0.05041152, y: -0.7272954, z: 0.047735624, w: 0.6828041}
  m_LocalPosition: {x: 0.01115783, y: 0.002321321, z: -0.003112207}
  m_LocalScale: {x: 1, y: 1, z: 1}
  m_Children: []
  m_Father: {fileID: 4306890130469444}
  m_RootOrder: 1
  m_LocalEulerAnglesHint: {x: 0.033999998, y: -93.612, z: 7.962}
--- !u!4 &4963877462915988
Transform:
  m_ObjectHideFlags: 1
  m_CorrespondingSourceObject: {fileID: 0}
  m_PrefabInternal: {fileID: 100100000}
  m_GameObject: {fileID: 1133261084606236}
  m_LocalRotation: {x: 0.5225503, y: -0.47811714, z: -0.5497259, w: 0.44288445}
  m_LocalPosition: {x: 0.0124239, y: -0.0002411167, z: 0.00165689}
  m_LocalScale: {x: 1, y: 1, z: 1}
  m_Children: []
  m_Father: {fileID: 4255083186931088}
  m_RootOrder: 1
  m_LocalEulerAnglesHint: {x: -3.6009998, y: -90.189995, z: -98.673996}
--- !u!54 &54071719949189974
Rigidbody:
  m_ObjectHideFlags: 1
  m_CorrespondingSourceObject: {fileID: 0}
  m_PrefabInternal: {fileID: 100100000}
  m_GameObject: {fileID: 1656081660301902}
  serializedVersion: 2
  m_Mass: 1
  m_Drag: 0
  m_AngularDrag: 0.05
  m_UseGravity: 0
  m_IsKinematic: 1
  m_Interpolate: 0
  m_Constraints: 0
  m_CollisionDetection: 0
--- !u!54 &54137920807703134
Rigidbody:
  m_ObjectHideFlags: 1
  m_CorrespondingSourceObject: {fileID: 0}
  m_PrefabInternal: {fileID: 100100000}
  m_GameObject: {fileID: 1511488582522494}
  serializedVersion: 2
  m_Mass: 1
  m_Drag: 0
  m_AngularDrag: 0.05
  m_UseGravity: 1
  m_IsKinematic: 1
  m_Interpolate: 0
  m_Constraints: 0
  m_CollisionDetection: 0
--- !u!64 &64060186975189780
MeshCollider:
  m_ObjectHideFlags: 1
  m_CorrespondingSourceObject: {fileID: 0}
  m_PrefabInternal: {fileID: 100100000}
  m_GameObject: {fileID: 1120655103621352}
  m_Material: {fileID: 0}
  m_IsTrigger: 1
  m_Enabled: 1
  serializedVersion: 3
  m_Convex: 1
  m_CookingOptions: 14
  m_SkinWidth: 0.01
  m_Mesh: {fileID: 4300000, guid: fcd019dc7c1f92140963033f1669ec2f, type: 2}
--- !u!95 &95114791003792448
Animator:
  serializedVersion: 3
  m_ObjectHideFlags: 1
  m_CorrespondingSourceObject: {fileID: 0}
  m_PrefabInternal: {fileID: 100100000}
  m_GameObject: {fileID: 1313536738986766}
  m_Enabled: 1
  m_Avatar: {fileID: 9000000, guid: d0c255d07fd68f14b94e55d388e7e6bb, type: 3}
  m_Controller: {fileID: 9100000, guid: f2f9ddb32c6ba5e4dbe0f3ff6cf497aa, type: 2}
  m_CullingMode: 1
  m_UpdateMode: 0
  m_ApplyRootMotion: 0
  m_LinearVelocityBlending: 0
  m_WarningMessage: 
  m_HasTransformHierarchy: 1
  m_AllowConstantClipSamplingOptimization: 1
  m_KeepAnimatorControllerStateOnDisable: 0
--- !u!95 &95425260905332188
Animator:
  serializedVersion: 3
  m_ObjectHideFlags: 1
  m_CorrespondingSourceObject: {fileID: 0}
  m_PrefabInternal: {fileID: 100100000}
  m_GameObject: {fileID: 1334267991684386}
  m_Enabled: 1
  m_Avatar: {fileID: 9000000, guid: d0c255d07fd68f14b94e55d388e7e6bb, type: 3}
  m_Controller: {fileID: 9100000, guid: f2f9ddb32c6ba5e4dbe0f3ff6cf497aa, type: 2}
  m_CullingMode: 1
  m_UpdateMode: 0
  m_ApplyRootMotion: 0
  m_LinearVelocityBlending: 0
  m_WarningMessage: 
  m_HasTransformHierarchy: 1
  m_AllowConstantClipSamplingOptimization: 1
  m_KeepAnimatorControllerStateOnDisable: 0
--- !u!114 &114339356239348024
MonoBehaviour:
  m_ObjectHideFlags: 1
  m_CorrespondingSourceObject: {fileID: 0}
  m_PrefabInternal: {fileID: 100100000}
  m_GameObject: {fileID: 1656081660301902}
  m_Enabled: 1
  m_EditorHideFlags: 0
  m_Script: {fileID: 11500000, guid: 4c8f15fd11ae1584eb3567ff9319bcc6, type: 3}
  m_Name: 
  m_EditorClassIdentifier: 
  lineRenderer: {fileID: 120311220185455192}
  start: {fileID: 0}
  target: {fileID: 0}
--- !u!114 &114349824017779502
MonoBehaviour:
  m_ObjectHideFlags: 1
  m_CorrespondingSourceObject: {fileID: 0}
  m_PrefabInternal: {fileID: 100100000}
  m_GameObject: {fileID: 1656081660301902}
  m_Enabled: 1
  m_EditorHideFlags: 0
  m_Script: {fileID: 11500000, guid: 47540585027798247bf6266fa47be5c5, type: 3}
  m_Name: 
  m_EditorClassIdentifier: 
  grabBegin: 0.55
  grabEnd: 0.35
  m_parentHeldObject: 0
  m_gripTransform: {fileID: 4034433525567208}
  m_grabVolumes:
  - {fileID: 64060186975189780}
  - {fileID: 136768437560221112}
  - {fileID: 136371078204184276}
  m_controller: 2
  m_parentTransform: {fileID: 0}
  m_spherecastRadius: 0.15
  m_noSnapThreshhold: 0.05
  m_useSpherecast: 0
  m_preventGrabThroughWalls: 1
  m_objectPullVelocity: 10
  m_objectPullMaxRotationRate: 360
  m_maxGrabDistance: 2
  m_grabObjectsInLayer: 17
  m_obstructionLayer: 0
  drawGameLines: 0
  m_player: {fileID: 0}
  m_camera: {fileID: 0}
  lineDrawer: {fileID: 114339356239348024}
  onGrabEnd:
    m_PersistentCalls:
      m_Calls: []
    m_TypeName: OnGrabEnd, Assembly-CSharp, Version=0.0.0.0, Culture=neutral, PublicKeyToken=null
  m_movingObjectToHand: 0
  m_target: {fileID: 0}
  m_targetCollider: {fileID: 0}
  m_otherHand: {fileID: 0}
--- !u!114 &114768211516693020
MonoBehaviour:
  m_ObjectHideFlags: 1
  m_CorrespondingSourceObject: {fileID: 0}
  m_PrefabInternal: {fileID: 100100000}
  m_GameObject: {fileID: 1656081660301902}
  m_Enabled: 1
  m_EditorHideFlags: 0
  m_Script: {fileID: 11500000, guid: eaa53646129b3ff4f9be26fe77e416b2, type: 3}
  m_Name: 
  m_EditorClassIdentifier: 
  inventory: {fileID: 0}
  grabber: {fileID: 114349824017779502}
--- !u!114 &114795781848497236
MonoBehaviour:
  m_ObjectHideFlags: 1
  m_CorrespondingSourceObject: {fileID: 0}
  m_PrefabInternal: {fileID: 100100000}
  m_GameObject: {fileID: 1656081660301902}
  m_Enabled: 1
  m_EditorHideFlags: 0
  m_Script: {fileID: 11500000, guid: 79b7e65854ace8f44b05c52c6e824354, type: 3}
  m_Name: 
  m_EditorClassIdentifier: 
  m_controller: 2
  m_animator: {fileID: 95114791003792448}
  m_defaultGrabPose: {fileID: 11437176, guid: 35525acb4c3b75c4a8c4dc2c117427be, type: 2}
--- !u!120 &120311220185455192
LineRenderer:
  m_ObjectHideFlags: 1
  m_CorrespondingSourceObject: {fileID: 0}
  m_PrefabInternal: {fileID: 100100000}
  m_GameObject: {fileID: 1656081660301902}
  m_Enabled: 1
  m_CastShadows: 1
  m_ReceiveShadows: 1
  m_DynamicOccludee: 1
  m_MotionVectors: 0
  m_LightProbeUsage: 0
  m_ReflectionProbeUsage: 0
  m_RenderingLayerMask: 4294967295
  m_Materials:
  - {fileID: 10306, guid: 0000000000000000f000000000000000, type: 0}
  m_StaticBatchInfo:
    firstSubMesh: 0
    subMeshCount: 0
  m_StaticBatchRoot: {fileID: 0}
  m_ProbeAnchor: {fileID: 0}
  m_LightProbeVolumeOverride: {fileID: 0}
  m_ScaleInLightmap: 1
  m_PreserveUVs: 0
  m_IgnoreNormalsForChartDetection: 0
  m_ImportantGI: 0
  m_StitchLightmapSeams: 0
  m_SelectedEditorRenderState: 3
  m_MinimumChartSize: 4
  m_AutoUVMaxDistance: 0.5
  m_AutoUVMaxAngle: 89
  m_LightmapParameters: {fileID: 0}
  m_SortingLayerID: 0
  m_SortingLayer: 0
  m_SortingOrder: 0
  m_Positions:
  - {x: 0, y: 0, z: 0}
  m_Parameters:
    serializedVersion: 2
    widthMultiplier: 0.1
    widthCurve:
      serializedVersion: 2
      m_Curve:
      - serializedVersion: 3
        time: 0
        value: 0.10041776
        inSlope: 0
        outSlope: 0
        tangentMode: 0
        weightedMode: 0
        inWeight: 0.33333334
        outWeight: 0.33333334
      m_PreInfinity: 2
      m_PostInfinity: 2
      m_RotationOrder: 4
    colorGradient:
      serializedVersion: 2
      key0: {r: 0.6698113, g: 0.46444464, b: 0.46444464, a: 1}
      key1: {r: 1, g: 0, b: 0, a: 1}
      key2: {r: 1, g: 0, b: 0, a: 0}
      key3: {r: 0, g: 0, b: 0, a: 0}
      key4: {r: 0, g: 0, b: 0, a: 0}
      key5: {r: 0, g: 0, b: 0, a: 0}
      key6: {r: 0, g: 0, b: 0, a: 0}
      key7: {r: 0, g: 0, b: 0, a: 0}
      ctime0: 0
      ctime1: 65535
      ctime2: 65535
      ctime3: 0
      ctime4: 0
      ctime5: 0
      ctime6: 0
      ctime7: 0
      atime0: 0
      atime1: 65535
      atime2: 0
      atime3: 0
      atime4: 0
      atime5: 0
      atime6: 0
      atime7: 0
      m_Mode: 0
      m_NumColorKeys: 2
      m_NumAlphaKeys: 2
    numCornerVertices: 0
    numCapVertices: 0
    alignment: 0
    textureMode: 0
    generateLightingData: 0
  m_UseWorldSpace: 1
  m_Loop: 0
--- !u!135 &135668335563905638
SphereCollider:
  m_ObjectHideFlags: 1
  m_CorrespondingSourceObject: {fileID: 0}
  m_PrefabInternal: {fileID: 100100000}
  m_GameObject: {fileID: 1520401608341794}
  m_Material: {fileID: 0}
  m_IsTrigger: 1
  m_Enabled: 1
  serializedVersion: 2
  m_Radius: 0.1
  m_Center: {x: 0, y: 0, z: 0}
--- !u!136 &136051942992777526
CapsuleCollider:
  m_ObjectHideFlags: 1
  m_CorrespondingSourceObject: {fileID: 0}
  m_PrefabInternal: {fileID: 100100000}
  m_GameObject: {fileID: 1859082969763180}
  m_Material: {fileID: 0}
  m_IsTrigger: 0
  m_Enabled: 0
  m_Radius: 0.01
  m_Height: 0.035
  m_Direction: 2
  m_Center: {x: 0, y: 0, z: 0}
--- !u!136 &136081300553937956
CapsuleCollider:
  m_ObjectHideFlags: 1
  m_CorrespondingSourceObject: {fileID: 0}
  m_PrefabInternal: {fileID: 100100000}
  m_GameObject: {fileID: 1155482621609540}
  m_Material: {fileID: 0}
  m_IsTrigger: 0
  m_Enabled: 0
  m_Radius: 0.0075
  m_Height: 0.025
  m_Direction: 2
  m_Center: {x: 0, y: 0, z: 0}
--- !u!136 &136114315383149448
CapsuleCollider:
  m_ObjectHideFlags: 1
  m_CorrespondingSourceObject: {fileID: 0}
  m_PrefabInternal: {fileID: 100100000}
  m_GameObject: {fileID: 1878834174192842}
  m_Material: {fileID: 0}
  m_IsTrigger: 0
  m_Enabled: 0
  m_Radius: 0.01
  m_Height: 0.05
  m_Direction: 2
  m_Center: {x: 0, y: 0, z: 0}
--- !u!136 &136147304944625084
CapsuleCollider:
  m_ObjectHideFlags: 1
  m_CorrespondingSourceObject: {fileID: 0}
  m_PrefabInternal: {fileID: 100100000}
  m_GameObject: {fileID: 1133261084606236}
  m_Material: {fileID: 0}
  m_IsTrigger: 0
  m_Enabled: 0
  m_Radius: 0.01
  m_Height: 0.035
  m_Direction: 2
  m_Center: {x: 0, y: 0, z: 0}
--- !u!136 &136179277681585240
CapsuleCollider:
  m_ObjectHideFlags: 1
  m_CorrespondingSourceObject: {fileID: 0}
  m_PrefabInternal: {fileID: 100100000}
  m_GameObject: {fileID: 1141108820909958}
  m_Material: {fileID: 0}
  m_IsTrigger: 0
  m_Enabled: 0
  m_Radius: 0.015
  m_Height: 0.06
  m_Direction: 2
  m_Center: {x: 0, y: 0, z: 0}
--- !u!136 &136198980038700066
CapsuleCollider:
  m_ObjectHideFlags: 1
  m_CorrespondingSourceObject: {fileID: 0}
  m_PrefabInternal: {fileID: 100100000}
  m_GameObject: {fileID: 1736847782919820}
  m_Material: {fileID: 0}
  m_IsTrigger: 0
  m_Enabled: 0
  m_Radius: 0.0075
  m_Height: 0.025
  m_Direction: 2
  m_Center: {x: 0, y: 0, z: 0}
--- !u!136 &136248543420154518
CapsuleCollider:
  m_ObjectHideFlags: 1
  m_CorrespondingSourceObject: {fileID: 0}
  m_PrefabInternal: {fileID: 100100000}
  m_GameObject: {fileID: 1511488582522494}
  m_Material: {fileID: 0}
  m_IsTrigger: 0
  m_Enabled: 0
  m_Radius: 0.0075
  m_Height: 0.025
  m_Direction: 2
  m_Center: {x: 0, y: 0, z: 0}
--- !u!136 &136273555092195264
CapsuleCollider:
  m_ObjectHideFlags: 1
  m_CorrespondingSourceObject: {fileID: 0}
  m_PrefabInternal: {fileID: 100100000}
  m_GameObject: {fileID: 1878006575734986}
  m_Material: {fileID: 0}
  m_IsTrigger: 0
  m_Enabled: 0
  m_Radius: 0.01
  m_Height: 0.025
  m_Direction: 2
  m_Center: {x: 0, y: 0, z: 0}
--- !u!136 &136320305152287432
CapsuleCollider:
  m_ObjectHideFlags: 1
  m_CorrespondingSourceObject: {fileID: 0}
  m_PrefabInternal: {fileID: 100100000}
  m_GameObject: {fileID: 1588107884346468}
  m_Material: {fileID: 0}
  m_IsTrigger: 0
  m_Enabled: 0
  m_Radius: 0.01
  m_Height: 0.035
  m_Direction: 2
  m_Center: {x: 0, y: 0, z: 0}
--- !u!136 &136371078204184276
CapsuleCollider:
  m_ObjectHideFlags: 1
  m_CorrespondingSourceObject: {fileID: 0}
  m_PrefabInternal: {fileID: 100100000}
  m_GameObject: {fileID: 1392773494372450}
  m_Material: {fileID: 0}
  m_IsTrigger: 1
  m_Enabled: 1
  m_Radius: 0.0155
  m_Height: 0.1005787
  m_Direction: 0
  m_Center: {x: 0, y: 0, z: 0}
--- !u!136 &136421257027449496
CapsuleCollider:
  m_ObjectHideFlags: 1
  m_CorrespondingSourceObject: {fileID: 0}
  m_PrefabInternal: {fileID: 100100000}
  m_GameObject: {fileID: 1365188180157146}
  m_Material: {fileID: 0}
  m_IsTrigger: 0
  m_Enabled: 0
  m_Radius: 0.01
  m_Height: 0.05
  m_Direction: 2
  m_Center: {x: 0, y: 0, z: 0}
--- !u!136 &136464499800234526
CapsuleCollider:
  m_ObjectHideFlags: 1
  m_CorrespondingSourceObject: {fileID: 0}
  m_PrefabInternal: {fileID: 100100000}
  m_GameObject: {fileID: 1041414632403490}
  m_Material: {fileID: 0}
  m_IsTrigger: 0
  m_Enabled: 0
  m_Radius: 0.015
  m_Height: 0.05
  m_Direction: 2
  m_Center: {x: 0, y: 0, z: 0}
--- !u!136 &136466550759210914
CapsuleCollider:
  m_ObjectHideFlags: 1
  m_CorrespondingSourceObject: {fileID: 0}
  m_PrefabInternal: {fileID: 100100000}
  m_GameObject: {fileID: 1141173854323650}
  m_Material: {fileID: 0}
  m_IsTrigger: 0
  m_Enabled: 0
  m_Radius: 0.01
  m_Height: 0.05
  m_Direction: 2
  m_Center: {x: 0, y: 0, z: 0}
--- !u!136 &136480587527141390
CapsuleCollider:
  m_ObjectHideFlags: 1
  m_CorrespondingSourceObject: {fileID: 0}
  m_PrefabInternal: {fileID: 100100000}
  m_GameObject: {fileID: 1230468537466620}
  m_Material: {fileID: 0}
  m_IsTrigger: 0
  m_Enabled: 0
  m_Radius: 0.015
  m_Height: 0.11
  m_Direction: 2
  m_Center: {x: 0, y: 0, z: 0}
--- !u!136 &136485359684593440
CapsuleCollider:
  m_ObjectHideFlags: 1
  m_CorrespondingSourceObject: {fileID: 0}
  m_PrefabInternal: {fileID: 100100000}
  m_GameObject: {fileID: 1039988478005780}
  m_Material: {fileID: 0}
  m_IsTrigger: 0
  m_Enabled: 0
  m_Radius: 0.02
  m_Height: 0.05
  m_Direction: 2
  m_Center: {x: 0, y: 0, z: 0}
--- !u!136 &136589388905334970
CapsuleCollider:
  m_ObjectHideFlags: 1
  m_CorrespondingSourceObject: {fileID: 0}
  m_PrefabInternal: {fileID: 100100000}
  m_GameObject: {fileID: 1324078504749988}
  m_Material: {fileID: 0}
  m_IsTrigger: 0
  m_Enabled: 0
  m_Radius: 0.02
  m_Height: 0.05
  m_Direction: 2
  m_Center: {x: 0, y: 0, z: 0}
--- !u!136 &136614653307807692
CapsuleCollider:
  m_ObjectHideFlags: 1
  m_CorrespondingSourceObject: {fileID: 0}
  m_PrefabInternal: {fileID: 100100000}
  m_GameObject: {fileID: 1582618261113106}
  m_Material: {fileID: 0}
  m_IsTrigger: 0
  m_Enabled: 0
  m_Radius: 0.015
  m_Height: 0.07
  m_Direction: 2
  m_Center: {x: 0, y: 0, z: 0}
--- !u!136 &136621836457746218
CapsuleCollider:
  m_ObjectHideFlags: 1
  m_CorrespondingSourceObject: {fileID: 0}
  m_PrefabInternal: {fileID: 100100000}
  m_GameObject: {fileID: 1854289130032392}
  m_Material: {fileID: 0}
  m_IsTrigger: 0
  m_Enabled: 0
  m_Radius: 0.01
  m_Height: 0.05
  m_Direction: 2
  m_Center: {x: 0, y: 0, z: 0}
--- !u!136 &136647933303623818
CapsuleCollider:
  m_ObjectHideFlags: 1
  m_CorrespondingSourceObject: {fileID: 0}
  m_PrefabInternal: {fileID: 100100000}
  m_GameObject: {fileID: 1461258644042382}
  m_Material: {fileID: 0}
  m_IsTrigger: 0
  m_Enabled: 0
  m_Radius: 0.014
  m_Height: 0.07
  m_Direction: 2
  m_Center: {x: 0, y: 0, z: 0}
--- !u!136 &136657468869478952
CapsuleCollider:
  m_ObjectHideFlags: 1
  m_CorrespondingSourceObject: {fileID: 0}
  m_PrefabInternal: {fileID: 100100000}
  m_GameObject: {fileID: 1978309165492976}
  m_Material: {fileID: 0}
  m_IsTrigger: 0
  m_Enabled: 0
  m_Radius: 0.01
  m_Height: 0.05
  m_Direction: 2
  m_Center: {x: 0, y: 0, z: 0}
--- !u!136 &136768437560221112
CapsuleCollider:
  m_ObjectHideFlags: 1
  m_CorrespondingSourceObject: {fileID: 0}
  m_PrefabInternal: {fileID: 100100000}
  m_GameObject: {fileID: 1849726988084656}
  m_Material: {fileID: 0}
  m_IsTrigger: 1
  m_Enabled: 1
  m_Radius: 0.026
  m_Height: 0.14
  m_Direction: 0
  m_Center: {x: 0, y: 0, z: 0}
--- !u!136 &136788476773738874
CapsuleCollider:
  m_ObjectHideFlags: 1
  m_CorrespondingSourceObject: {fileID: 0}
  m_PrefabInternal: {fileID: 100100000}
  m_GameObject: {fileID: 1656483593990836}
  m_Material: {fileID: 0}
  m_IsTrigger: 0
  m_Enabled: 0
  m_Radius: 0.01
  m_Height: 0.035
  m_Direction: 2
  m_Center: {x: 0, y: 0, z: 0}
--- !u!136 &136803985447531250
CapsuleCollider:
  m_ObjectHideFlags: 1
  m_CorrespondingSourceObject: {fileID: 0}
  m_PrefabInternal: {fileID: 100100000}
  m_GameObject: {fileID: 1572246221803586}
  m_Material: {fileID: 0}
  m_IsTrigger: 0
  m_Enabled: 0
  m_Radius: 0.015
  m_Height: 0.11
  m_Direction: 2
  m_Center: {x: 0, y: 0, z: 0}
--- !u!136 &136863018592517670
CapsuleCollider:
  m_ObjectHideFlags: 1
  m_CorrespondingSourceObject: {fileID: 0}
  m_PrefabInternal: {fileID: 100100000}
  m_GameObject: {fileID: 1160793703071136}
  m_Material: {fileID: 0}
  m_IsTrigger: 0
  m_Enabled: 0
  m_Radius: 0.01
  m_Height: 0.035
  m_Direction: 2
  m_Center: {x: 0, y: 0, z: 0}
--- !u!136 &136877959185587200
CapsuleCollider:
  m_ObjectHideFlags: 1
  m_CorrespondingSourceObject: {fileID: 0}
  m_PrefabInternal: {fileID: 100100000}
  m_GameObject: {fileID: 1364694266671818}
  m_Material: {fileID: 0}
  m_IsTrigger: 0
  m_Enabled: 0
  m_Radius: 0.015
  m_Height: 0.11
  m_Direction: 2
  m_Center: {x: 0, y: 0, z: 0}
--- !u!136 &136999460235220038
CapsuleCollider:
  m_ObjectHideFlags: 1
  m_CorrespondingSourceObject: {fileID: 0}
  m_PrefabInternal: {fileID: 100100000}
  m_GameObject: {fileID: 1121314488243260}
  m_Material: {fileID: 0}
  m_IsTrigger: 0
  m_Enabled: 0
  m_Radius: 0.01
  m_Height: 0.025
  m_Direction: 2
  m_Center: {x: 0, y: 0, z: 0}
--- !u!137 &137171441266323558
SkinnedMeshRenderer:
  m_ObjectHideFlags: 1
  m_CorrespondingSourceObject: {fileID: 0}
  m_PrefabInternal: {fileID: 100100000}
  m_GameObject: {fileID: 1724005489169998}
  m_Enabled: 1
  m_CastShadows: 1
  m_ReceiveShadows: 1
  m_DynamicOccludee: 1
  m_MotionVectors: 1
  m_LightProbeUsage: 1
  m_ReflectionProbeUsage: 1
  m_RenderingLayerMask: 4294967295
  m_Materials:
  - {fileID: 2100000, guid: cc8c9e8a516866042b69a6919d0ab885, type: 2}
  m_StaticBatchInfo:
    firstSubMesh: 0
    subMeshCount: 0
  m_StaticBatchRoot: {fileID: 0}
  m_ProbeAnchor: {fileID: 0}
  m_LightProbeVolumeOverride: {fileID: 0}
  m_ScaleInLightmap: 1
  m_PreserveUVs: 0
  m_IgnoreNormalsForChartDetection: 0
  m_ImportantGI: 0
  m_StitchLightmapSeams: 0
  m_SelectedEditorRenderState: 3
  m_MinimumChartSize: 4
  m_AutoUVMaxDistance: 0.5
  m_AutoUVMaxAngle: 89
  m_LightmapParameters: {fileID: 0}
  m_SortingLayerID: 0
  m_SortingLayer: 0
  m_SortingOrder: 0
  serializedVersion: 2
  m_Quality: 0
  m_UpdateWhenOffscreen: 0
  m_SkinnedMotionVectors: 1
  m_Mesh: {fileID: 4300000, guid: d0c255d07fd68f14b94e55d388e7e6bb, type: 3}
  m_Bones:
  - {fileID: 4798766793946776}
  - {fileID: 4559862704986352}
  - {fileID: 4702769670050726}
  - {fileID: 4334847787623764}
  - {fileID: 4495606767488820}
  - {fileID: 4739874321737984}
  - {fileID: 4803745561400622}
  - {fileID: 4839994426161638}
  - {fileID: 4007261948013368}
  - {fileID: 4541081150626304}
  - {fileID: 4032681945875572}
  - {fileID: 4231626026880486}
  - {fileID: 4357691982559988}
  - {fileID: 4660877364694516}
  - {fileID: 4596376606616924}
  - {fileID: 4467910581105512}
  - {fileID: 4571532679441082}
  - {fileID: 4143298620258620}
  - {fileID: 4340352645590476}
  - {fileID: 4764935399732858}
  - {fileID: 4379262464881366}
  - {fileID: 4567823390143472}
  - {fileID: 4863322861875438}
  - {fileID: 4001227058246804}
  - {fileID: 4416874282746046}
  m_BlendShapeWeights: []
  m_RootBone: {fileID: 4798766793946776}
  m_AABB:
    m_Center: {x: -0.0072079375, y: -0.0359642, z: -0.06280203}
    m_Extent: {x: 0.07287095, y: 0.092022635, z: 0.106135294}
  m_DirtyAABB: 0
--- !u!137 &137499419037131898
SkinnedMeshRenderer:
  m_ObjectHideFlags: 1
  m_CorrespondingSourceObject: {fileID: 0}
  m_PrefabInternal: {fileID: 100100000}
  m_GameObject: {fileID: 1429760929870208}
  m_Enabled: 1
  m_CastShadows: 1
  m_ReceiveShadows: 1
  m_DynamicOccludee: 1
  m_MotionVectors: 1
  m_LightProbeUsage: 1
  m_ReflectionProbeUsage: 1
  m_RenderingLayerMask: 4294967295
  m_Materials:
  - {fileID: 2100000, guid: cc8c9e8a516866042b69a6919d0ab885, type: 2}
  m_StaticBatchInfo:
    firstSubMesh: 0
    subMeshCount: 0
  m_StaticBatchRoot: {fileID: 0}
  m_ProbeAnchor: {fileID: 0}
  m_LightProbeVolumeOverride: {fileID: 0}
  m_ScaleInLightmap: 1
  m_PreserveUVs: 0
  m_IgnoreNormalsForChartDetection: 0
  m_ImportantGI: 0
  m_StitchLightmapSeams: 0
  m_SelectedEditorRenderState: 3
  m_MinimumChartSize: 4
  m_AutoUVMaxDistance: 0.5
  m_AutoUVMaxAngle: 89
  m_LightmapParameters: {fileID: 0}
  m_SortingLayerID: 0
  m_SortingLayer: 0
  m_SortingOrder: 0
  serializedVersion: 2
  m_Quality: 0
  m_UpdateWhenOffscreen: 0
  m_SkinnedMotionVectors: 1
  m_Mesh: {fileID: 4300000, guid: d0c255d07fd68f14b94e55d388e7e6bb, type: 3}
  m_Bones:
  - {fileID: 4742627462424118}
  - {fileID: 4609525009657070}
  - {fileID: 4306890130469444}
  - {fileID: 4057374838056422}
  - {fileID: 4703918059046368}
  - {fileID: 4255083186931088}
  - {fileID: 4684071716777262}
  - {fileID: 4525864927661036}
  - {fileID: 4600059686994838}
  - {fileID: 4585874143124664}
  - {fileID: 4934128723957046}
  - {fileID: 4953555915676526}
  - {fileID: 4744090760238296}
  - {fileID: 4239497824361772}
  - {fileID: 4311573324815968}
  - {fileID: 4925537697087614}
  - {fileID: 4022779748723262}
  - {fileID: 4845491236919988}
  - {fileID: 4444915958216390}
  - {fileID: 4658886900929440}
  - {fileID: 4179509071399186}
  - {fileID: 4735367228281004}
  - {fileID: 4225980975711892}
  - {fileID: 4506055079788904}
  - {fileID: 4296785725095048}
  m_BlendShapeWeights: []
  m_RootBone: {fileID: 4845491236919988}
  m_AABB:
    m_Center: {x: -0.008813938, y: -0.035866383, z: -0.06288407}
    m_Extent: {x: 0.06873325, y: 0.089190826, z: 0.10468783}
  m_DirtyAABB: 0
